3275 5117
20 1201 31 1237 ,

20 1286 23 1441 ἐ

20 2332 22 2359 i

20 2364 25 2451 i

748 517 775 591 5

395 786 808 932 meurmuruu
847 834 1146 929 uniscunt

545 1062 597 1148 (nt
619 1061 817 1151 quibusdum
840 1061 1003 1148 videtur).

352 1338 592 1445 praecentet
622 1385 774 1441 numeret
793 1371 988 1462 quindecim
1008 1372 1107 1442 milen
1129 1376 1258 1447 minuc:

353 1490 464 1559 Simul
486 1490 663 1576 consignat
684 1485 893 1573 symbolum,
921 1499 959 1551 nt
981 1485 1198 1553 Phoenicium

355 1602 403 1671 itt
426 1606 483 1671 det
503 1603 605 1682 leno,
639 1603 699 1691 qni
721 1622 796 1669 eum
817 1621 893 1669 cnm
913 1598 1045 1689 reliquo
1065 1602 1196 1671 offerat.

333 1716 552 1787 *Venientem
573 1712 721 1784 cuculum
742 1716 936 1782 intervertit
957 1715 1132 1801 symbolo,

292 1838 323 1901 5.
353 1832 484 1899 Dicens
507 1830 629 1918 Syrum
651 1851 689 1897 se
711 1828 905 1910 Ballionis,
929 1828 1136 1901 Pseudolus:

358 1950 528 2038 Opemque
550 1942 652 2013 herili
675 1946 725 2011 itu
746 1942 885 2013 tetulit:
909 1964 984 2009 num
1006 1944 1133 2012 Simiae

338 2148 365 2199 t.
391 2145 603 2199 ”tabellionem
620 2146 666 2199 Pe.
700 2148 728 2199 6.
755 2145 829 2225 tulit.
864 2144 891 2197 8.
917 2109 975 2195 rect
987 2145 1082 2211 minuo
1098 2150 1238 2213 mccii.

328 2300 378 2361 Vs.
409 2300 438 2361 2.
469 2299 633 2380 contiueat
659 2296 842 2379 symbolum,
873 2294 1028 2377 quomodo
1053 2295 1114 2359 hoc
1137 2297 1259 2361 intelli·

287 2407 441 2489 gendum,
463 2406 537 2467 ride
553 2406 622 2485 huj.
643 2404 706 2467 sub.
731 2405 758 2465 1.
782 2404 809 2464 1.
832 2402 977 2481 53ttqq.;
998 2402 1028 2463 i.
1044 2403 1073 2465 6.
1089 2404 1130 2465 30
1143 2405 1214 2467 eti.
1226 2407 1255 2467 7.

289 2517 347 2577 rot
367 2535 414 2596 sq.
438 2546 481 2559 ·-
511 2511 695 2593 Symbolum.
738 2509 857 2587 Quibus
876 2507 1021 2569 differunt
1039 2510 1256 2591 interoetym·

286 2622 387 2682 bolom
414 2628 447 2681 et
473 2618 622 2699 symbolo,
655 2615 763 2678 multis
790 2622 973 2696 persecutus
1000 2623 1048 2677 est
1068 2616 1256 2679 Casuum-ud

286 2726 401 2789 Athen.
423 2724 483 2788 ΙΙΙ.
513 2722 550 2787 31
580 2744 612 2807 p.
634 2724 710 2797 22t‚
740 2720 899 2803 multique
927 2721 1001 2785 ulii:
1032 2723 1081 2786 eff.
1111 2724 1185 2787 intt.
1214 2725 1255 2788 ud

287 2832 398 2895 Bacch.
429 2832 459 2890 2.
486 2830 516 2893 3.
538 2830 594 2905 29,
628 2839 661 2891 ct
679 2829 817 2911 Epion.
839 2830 869 2890 2.
890 2830 945 2891 22.
982 2830 1071 2908 Quod
1089 2831 1256 2895 dincriruon

285 2955 348 2997 non
367 2934 538 2998 adtendens
558 2936 671 2998 Mulier
692 2936 732 2999 ad
753 2938 815 3002 Cic.
837 2936 877 2999 de
896 2938 979 3001 Orut.
1002 2938 1045 3000 11.
1068 2940 1124 3014 57,
1147 2940 1254 3005 collec-

286 3050 348 3103 tcm
368 3042 518 3104 Graecum
538 3044 673 3119 σύμβαλον
691 3062 757 3125 esse
776 3044 831 3109 uit.

288 3224 294 3239 .
325 3148 375 3209 Vs.
406 3148 435 3210 3.
459 3148 587 3230 reliquo.
629 3150 795 3233 Reliquum
812 3153 862 3214 vel
882 3152 1003 3235 reliquo
1020 3171 1078 3235 per
1097 3153 1255 3215 excellun-

284 3254 414 3318 lentium
442 3254 609 3333 dicuutur,
640 3278 722 3341 quoe
741 3259 915 3323 rationibus
934 3258 1113 3333 subductio,
1144 3278 1256 3342 ueeep·
1314 3248 1320 3264 ’

284 3362 324 3425 tis
333 3363 537 3447 expensisque
546 3366 749 3447 computetis,
772 3366 879 3429 debite
894 3375 1075 3430 remanent:
1093 3366 1142 3427 eff.
1161 3366 1254 3429 Gron.

283 3470 382 3535 Lecti.
403 3470 506 3534 Pluut.
526 3492 558 3555 p.
580 3472 637 3547 63,
660 3482 693 3535 et
712 3472 752 3537 ud
772 3474 858 3555 Cupi.
878 3472 960 3553 prol.
983 3472 1030 3535 16.

322 3578 373 3640 Vc.
403 3579 432 3639 6.
464 3578 575 3653 herili,
594 3599 653 3660 pro
671 3579 856 3661 ieritifilio,
876 3598 987 3659 purum
997 3577 1254 3642 Lutinodieicrc·
1337 3577 1340 3580 ’

284 3686 343 3765 do;
370 3684 515 3748 desidero
535 3686 636 3749 simile
654 3688 840 3771 exemplum.
880 3686 1015 3748 Dubium
1034 3694 1136 3749 tumen
1153 3684 1254 3747 rideri

283 3792 397 3871 possit,
429 3802 536 3857 utrum
556 3794 596 3859 eb
616 3796 682 3877 ipso
703 3795 910 3859 Grammatico
928 3793 1105 3876 proiectum
1124 3792 1182 3868 cit,
1213 3813 1253 3857 en

208 3972 215 3989 ,
284 3900 415 3963 librario
444 3902 668 3981 imputandum.
721 3904 780 3963 Ille
801 3923 925 3964 versum
944 3901 1026 3963 iorte
1046 3900 1091 3962 itu
1110 3900 1252 3981 scripsit:

330 4006 481 4089 Opemque
501 4008 575 4067 locro
592 4008 645 4069 itta
664 4010 710 4069 ito
729 4009 810 4070 tulit.
853 4009 933 4070 Nom
953 4010 1071 4071 Simiae

285 4112 386 4173 Heme
413 4114 495 4174 enirn
524 4120 611 4177 rccte
641 4136 699 4196 pro
728 4117 797 4177 iteri
819 4115 890 4196 filio
908 4114 1042 4190 dicitur,
1074 4116 1142 4197 ipso
1160 4118 1253 4181 Plan·
