3275 5117
856 498 945 577 128

425 744 578 817 involo
599 757 635 810 tu
646 744 737 831 prior
749 755 785 810 ut
805 753 947 831 occupes
958 742 1064 808 edire.
1099 763 1143 809 ss.
1167 742 1384 836 Quidprope·

1131 858 1213 925 rusi
1234 860 1378 946 placide:

484 970 1383 1060 Netime:itsillefoxitluppiter‚utiliepslunsibi-

1170 1086 1382 1155 demussiet.

416 1258 422 1265 .
488 1201 653 1291 Quisquis
678 1198 831 1277 illoest,
855 1200 1195 1287 quiedeste'nsilite‚
1218 1223 1381 1290 nunquam

990 1314 1108 1401 edepol
1120 1316 1185 1381 erit
1197 1313 1259 1383 iile
1270 1320 1379 1403 potior

482 1430 635 1515 Harpax,
648 1425 1380 1515 quantem-flabescimnmbonusnrpolchre
1409 1445 1414 1452 ’

742 1561 803 1627 ego
815 1539 899 1606 huuc
912 1539 1113 1626 explicatum
1125 1539 1189 1606 tibi
1202 1562 1271 1607 rem
1283 1541 1378 1609 dubo:

483 1659 541 1725 Sic
564 1678 625 1745 ego
645 1653 743 1721 illum
764 1652 852 1719 dolis
874 1668 974 1741 etque
984 1655 1167 1740 mendaciis
1180 1655 1215 1719 in
1229 1656 1380 1721 timorem

1296 1768 1380 1835 dubo

418 1894 472 1955 20.
485 1884 670 1953 Militnscm
681 1884 839 1949 advenum
852 1929 862 1962 ,
885 1884 961 1969 ipse
972 1906 1048 1949 sese
1059 1896 1096 1949 ut
1108 1895 1207 1970 neget
1218 1904 1291 1949 curn
1302 1905 1379 1949 esse

433 2085 437 2095 ⁸
1217 1998 1375 2082 quisiet‚

483 2113 605 2203 Meque
619 2126 656 2179 ut
668 2134 744 2179 esse
756 2124 926 2191 autumet,
951 2112 1013 2199 qui
1034 2114 1129 2197 ipsus
1147 2126 1212 2178 est.
1234 2135 1286 2179 ss.
1311 2112 1380 2189 Qus

481 2290 484 2297 ,
937 2224 1074 2312 potest?
1096 2248 1140 2291 ss.
1153 2225 1291 2291 Occidis
1302 2248 1375 2307 me,

413 2394 418 2403 .
480 2340 819 2427 C'umistucrogitos.
853 2358 906 2404 rs.
929 2335 1138 2403 Ohominem
1150 2337 1319 2424 lepidum!
1344 2352 1377 2404 te

1036 2474 1165 2540 quoquc
1176 2454 1276 2518 etiarn
1287 2452 1373 2518 dolis

480 2576 594 2662 Atque
616 2574 719 2639 etiam
741 2569 925 2637 mendaciis
946 2566 1102 2654 Iuppiter
1112 2580 1145 2633 te
1155 2567 1241 2633 mihi
1251 2580 1374 2634 servet.

484 2746 526 2796 15.
544 2746 610 2810 quin
621 2758 763 2809 properus.
787 2756 840 2793 ιιι.
855 2758 886 2807 p.
919 2739 962 2789 21.
980 2755 1030 2789 etse
1046 2746 1078 2789 stt
1094 2754 1157 2790 erre.

413 2896 491 2959 uicis
518 2894 644 2956 nunni.
673 2892 712 2951 ac
740 2894 809 2951 uer.
837 2890 916 2950 Anu.
944 2890 981 2963 s,
1013 2892 1050 2962 s,
1077 2890 1133 2960 ts,
1165 2909 1236 2949 oum
1253 2868 1372 2965 succ..

413 3000 625 3083 loquentium,
666 3007 698 3057 et
725 2998 830 3075 magni
857 2996 936 3076 quid
970 2995 1134 3057 ostendere
1162 2995 1371 3076 cupientium:

416 3109 458 3170 cs.
478 3104 636 3169 Drekonh.
658 3103 696 3163 ud
715 3102 781 3163 Liv.
804 3103 847 3164 11.
868 3103 898 3163 6.
920 3106 949 3164 7.
1310 3098 1314 3103 ’

455 3216 506 3277 Vs.
528 3213 576 3273 2³.
598 3231 615 3270 o
635 3210 788 3271 hominem
808 3210 958 3293 lepidum,
990 3220 1051 3272 etc.
1087 3210 1231 3270 Arduum
1250 3207 1372 3269 orthos

416 3341 524 3384 verum
543 3318 705 3401 expedire,
735 3317 819 3399 quod
838 3317 995 3389 Acidalio,
1024 3316 1091 3376 niv.
1111 3316 1145 3373 in
1164 3313 1272 3375 Pseud.
1293 3332 1321 3373 c.
1344 3313 1372 3373 6.

415 3452 478 3495 non
497 3447 643 3512 prospere
662 3426 763 3488 cessit.
804 3426 867 3488 Hoc
885 3425 992 3486 dicere
1010 3422 1135 3482 videtur
1150 3418 1275 3479 Pseud:
1298 3418 1322 3476 0
1341 3425 1374 3475 te

415 3557 540 3623 quoque
566 3535 704 3617 lepidum
731 3534 810 3597 dolis
836 3543 868 3595 et
886 3529 1071 3608 mendaciis:
1103 3525 1227 3607 Jupiter
1246 3531 1278 3582 te
1295 3522 1374 3582 mihi

415 3654 528 3707 servet.
570 3645 735 3715 Putoverot
755 3640 866 3703 Pseud.
894 3656 927 3699 so
946 3635 1075 3695 unicum
1093 3650 1159 3691 esse
1177 3630 1210 3688 in
1229 3627 1279 3687 his
1295 3626 1375 3687 dolis

415 3754 615 3835 magistrum:
645 3748 767 3810 invenit
794 3762 910 3825 putem.
951 3740 1005 3801 Sin
1031 3756 1105 3798 vero
1131 3755 1170 3796 ex
1189 3724 1375 3797 auctoritate

415 3863 492 3923 odit.
522 3859 628 3942 steph.
657 3864 727 3940 post
746 3852 889 3934 Joppiter
907 3847 1044 3926 objicere
1062 3844 1138 3905 licet
1157 3852 1202 3916 ts,
1234 3860 1273 3902 ex
1292 3839 1372 3901 sale·

415 3968 506 4028 broso
525 3966 636 4047 plenus
655 3964 691 4025 fit
709 3964 812 4033 locus,
842 3965 875 4017 ot
891 3957 983 4035 jocus
1000 3950 1034 4028 ἐξ
1051 3950 1238 4025 demissiore
1257 3946 1372 4028 prodit.

414 4074 580 4135 Pseudolus
608 4072 675 4135 scil.
705 4066 909 4150 sycophantae
927 4062 1145 4144 gloriationem
1164 4066 1197 4119 et
1215 4054 1374 4121 fastidium
