3275 5117
718 525 768 601 51

267 772 321 837 to.
334 765 436 834 Domi
457 765 528 830 nisi
551 760 674 829 tnalnm
695 775 808 829 vostra
827 786 928 852 opera
950 780 1003 832 est
1025 767 1150 849 hodie,
1174 773 1237 838 im·

608 873 733 963 probae
744 874 759 939 t
771 877 853 943 vino
863 877 962 944 modo
974 881 1115 967 cupidae
1127 886 1212 951 eatis
1226 906 1234 953 ε

329 994 379 1060 Εο
390 1014 452 1060 vos
463 1003 594 1059 vostras
605 991 1152 1079 panticesqueatleonnadeiacitis‚
1165 1020 1239 1065 cnm

892 1128 955 1194 ego
967 1109 1033 1174 aim
1045 1108 1102 1177 lric
1113 1112 1238 1179 siccus.

355 1242 398 1293 et.
418 1241 553 1307 pantices.

269 1389 501 1471 aliquantillum
525 1395 626 1448 metro
651 1386 759 1461 detur,
787 1395 819 1446 et
843 1386 905 1447 hoc
929 1405 1054 1468 quoque
1071 1392 1141 1453 1000
1159 1394 1236 1453 Μή.

268 1501 362 1562 batur
381 1496 551 1581 parlaleo:
581 1474 616 1554 in
639 1502 774 1572 utroque
800 1494 885 1555 enim
911 1494 978 1559 llas.
1005 1498 1172 1561 vacillant:
1194 1500 1235 1561 ci.

269 1606 353 1665 Pers.
377 1605 406 1665 3.
430 1602 459 1663 3.
483 1602 539 1676 2t;
567 1600 652 1661 Asin.
681 1601 708 1660 l.
733 1600 763 1661 3.
783 1600 840 1674 36,
870 1601 926 1662 ubi
942 1622 1063 1679 omnes,
1092 1623 1170 1683 quos
1187 1606 1235 1666 vi-

267 1710 317 1783 di,
347 1710 548 1771 retinuerunt
569 1706 756 1792 perhibeam
784 1707 838 1769 hic
864 1726 989 1788 quoque
1015 1712 1068 1773 lis.
1093 1722 1126 1773 et
1142 1713 1235 1776 editt.

266 1817 435 1880 nonnullae
460 1825 581 1875 veteres
599 1814 750 1875 exhibent
762 1815 926 1897 pertineo,
956 1817 1039 1879 nihil
1057 1820 1236 1882 reluctante

267 1926 330 1987 loci
356 1924 527 1998 sententia,
559 1942 630 1983 cum
657 1931 744 1984 recte
769 1922 904 1984 dicitur:
928 1924 1091 2009 perhibere
1104 1928 1235 2010 ,oporam

266 2030 357 2116 reip.⁴
377 2034 451 2095 Cato
483 2030 566 2112 apud
601 2030 680 2092 Gell.
708 2028 775 2103 111,
814 2031 852 2107 7;
883 2029 980 2092 alicui
1005 2034 1231 2110 testimoium,
1333 2040 1338 2045 '

268 2140 382 2216 Varro,
413 2140 454 2201 de
471 2141 507 2202 R.
527 2140 564 2201 R.
584 2137 675 2200 11.-5.
694 2136 818 2213 aliaque
835 2136 958 2199 similia.

307 2247 358 2309 Vs.
380 2248 429 2310 51.
450 2248 518 2308 Non
544 2264 611 2306 esso
628 2243 707 2304 mihi
725 2241 867 2317 videtur,
898 2263 956 2304 cur
972 2244 1025 2306 hic
1042 2263 1148 2308 versus
1164 2257 1234 2309 ten·

217 2360 221 2369 '
268 2364 355 2416 tetur
379 2354 420 2415 al)
447 2351 687 2433 interpretibus:
716 2369 774 2429 que
791 2348 876 2425 quod
893 2349 928 2408 in
946 2349 998 2411 cd.
1016 2350 1110 2414 Acad.
1128 2354 1232 2429 abest,

268 2470 339 2543 post
361 2460 531 2523 secundum
556 2458 686 2519 verbum
704 2455 878 2537 saepissimo
893 2457 1066 2537 reperitur,
1093 2480 1234 2541 praeser-

270 2568 327 2628 tim
354 2575 458 2628 tamen
479 2564 665 2645 interposita
690 2559 937 2642 praepositione:
964 2563 1038 2624 odae
1061 2575 1148 2626 certe
1174 2566 1235 2629 dif-

270 2667 445 2733 ficillimum
471 2668 647 2749 explicatu:
676 2665 859 2729 satisfecisse
881 2676 985 2731 autem
1009 2671 1088 2732 mihi
1108 2673 1232 2749 videor,

266 2777 293 2835 si
319 2776 459 2837 retulero
485 2774 580 2835 verba
608 2774 733 2836 Ruhnlr.
764 2774 805 2835 ad
828 2774 906 2835 And.
933 2776 969 2851 2,
1004 2779 1041 2853 5,
1077 2781 1107 2841 l.
1132 2780 1232 2856 svis,
1282 2779 1285 2784 ’

269 2900 379 2960 »quae
404 2891 451 2943 est
474 2882 508 2941 in
532 2880 627 2959 hujus
650 2882 823 2963 particulae
839 2903 897 2944 usu
913 2904 986 2946 sane
1002 2886 1156 2967 eleganti,
1180 2890 1233 2950 rix

270 3018 282 3046 ι
298 2996 401 3070 potest
417 3008 481 3049 uno
498 2989 594 3051 verbo
612 2990 776 3072 explicari,
803 2990 937 3069 quadiu
954 2994 1058 3056 omnia
1073 2995 1142 3057 loca
1156 3016 1232 3058 con·

270 3094 420 3171 eveniat,
448 3097 647 3175 sentiturque
673 3097 813 3172 facilins,
843 3117 936 3177 qnam
954 3102 1158 3182 exprimitur3
1183 3102 1233 3163 in·

270 3201 423 3263 ‚terdum
447 3203 602 3283 significat
627 3204 764 3283 aliquam
781 3207 1049 3281 consequentiam,
1075 3206 1235 3269 interdum

269 3309 501 3391 »explicationi
541 3311 592 3371 vel
630 3312 805 3374 narrationi
837 3311 1001 3374 inservit.”
1060 3314 1237 3377 Boxhornio

269 3437 366 3499 osque
392 3419 467 3478 odeo
491 3419 680 3500 corrigenti,
714 3438 806 3480 nemo
831 3418 924 3480 facile
945 3418 1154 3482 adsentietur:
1189 3422 1236 3482 sic

270 3524 353 3585 enim
378 3527 571 3588 constructio
590 3546 716 3607 prorsus
742 3534 822 3587 esset
844 3525 1001 3588 anomala:
1035 3527 1237 3608 interpretari

271 3630 354 3691 torta
379 3632 455 3693 licet
478 3652 591 3713 saepae,
629 3633 692 3693 nisi
716 3631 886 3714 simplicius
912 3631 970 3693 sit:
998 3631 1069 3693 ideo
1093 3653 1148 3694 vos
1163 3644 1235 3694 toa·

272 3745 337 3795 tum
370 3738 494 3818 potatis.
525 3740 587 3800 Cur
608 3738 675 3812 tic,
713 3758 777 3801 non
803 3737 907 3798 atili?
940 3738 1064 3815 quaerit
1087 3737 1235 3801 Bothius:

272 3860 382 3921 parum
408 3845 508 3907 refert
534 3854 639 3924 certe,
671 3846 770 3933 refert
798 3855 917 3908 tamen:
955 3845 1079 3909 liceat
1106 3848 1145 3906 ia
1170 3868 1238 3909 maa

275 3948 386 4008 dane:
426 3950 501 4011 dura
530 3971 585 4015 vos
613 3972 684 4015 cura
709 3953 816 4017 amicis
839 3952 952 4036 vestrip
979 3952 1055 4013 atita·
1078 3954 1234 4036 pantices,

277 4050 333 4132 (ci.
357 4050 436 4119 Soal.
465 4058 504 4121 ad
526 4060 612 4123 Catal
634 4082 665 4141 p.
685 4062 759 4135 230,
785 4062 820 4122 in
836 4059 931 4122 Anth.
950 4058 1014 4123 lat.
1033 4059 1100 4123 tin.
1121 4062 1163 4126 Il.
1181 4062 1235 4143 Ep.
