3275 5117
714 436 877 567 rt'

319 746 376 793 ea.
400 724 748 815 Negatisteeosunt:
772 731 1029 816 nonjueundum
1052 742 1128 812 est,
1150 734 1222 799 nisi

624 864 738 907 amans
752 841 965 909 latitatulte.
987 865 1039 911 rs.
1061 844 1224 933 Pergin'i

259 958 314 1023 10.
325 976 380 1023 on.
404 952 614 1023 OPseudole
622 956 839 1035 mininosim
848 956 973 1027 nihili:
986 960 1083 1027 mitte
1093 982 1146 1027 me
1157 962 1222 1027 sis.

859 1092 911 1137 rs·
935 1071 1018 1139 Siue
1031 1119 1042 1154 ,
1055 1074 1151 1141 modo
1161 1098 1224 1163 ego

238 1240 240 1247 .
317 1180 459 1251 'Aleum
480 1181 661 1261 emilane
674 1230 684 1263 ‚
698 1204 793 1249 meua
805 1205 814 1251 t
824 1186 896 1271 jam
907 1200 945 1252 ut
955 1184 1048 1253 voles
1061 1209 1114 1253 ma
1125 1210 1220 1268 esse,

536 1302 538 1305 ’
734 1298 783 1365 ita
794 1319 864 1365 ero.
886 1317 938 1365 rs.
961 1297 1224 1387 Nanctusepis.

324 1431 390 1479 aas
403 1410 438 1481 It
448 1410 523 1488 dies
533 1432 549 1488 a
565 1409 725 1499 ogomihi
737 1430 846 1476 cesso.
879 1410 1134 1504 lprea‚puere.
1168 1432 1224 1476 ca.

729 1522 813 1593 heus
827 1523 957 1605 ‚abiitt
972 1528 1054 1615 quin
1064 1546 1199 1625 revocas
1211 1523 1226 1589 1

299 1667 318 1686 Α.
346 1708 387 1761 10.
412 1676 597 1760 abestness'ss-
615 1692 684 1757 eino.
720 1704 761 1757 ll.
779 1706 893 1757 eruite.

261 1879 379 1947 stillare
414 1887 518 1946 animo
560 1894 607 1945 est
638 1883 803 1967 indulgere
828 1882 1005 1958 affectibus,
1042 1885 1109 1966 pati
1129 1904 1163 1946 se
1189 1885 1227 1947 iis

258 1994 386 2075 agitari,
417 2000 456 2053 ut
479 2001 601 2053 veteres
625 2009 850 2071 nonnunquam
875 1992 1015 2050 enimam
1039 1990 1227 2053 deteriorem

258 2110 378 2182 partem
403 2100 498 2161 animi
522 2107 650 2173 vocant,
680 2118 748 2161 eam
765 2117 846 2178 quae
862 2098 1033 2173 ministrat,
1064 2119 1128 2160 non
1145 2119 1228 2179 quae

258 2210 359 2290 regit:
401 2208 441 2269 ol'.
468 2207 597 2271 Ruhnk.
625 2205 664 2267 ad
691 2208 761 2270 Ter.
788 2204 868 2267 And.
897 2205 930 2279 l,
962 2205 994 2279 1,
1025 2206 1096 2279 137,
1128 2214 1161 2266 et
1186 2207 1226 2268 ad

257 2314 335 2378 Eun.
369 2316 398 2377 5.
435 2316 465 2376 6.
493 2314 540 2379 lt.
590 2308 672 2375 Ante
695 2332 786 2391 qoam
804 2311 949 2376 omissum
975 2319 1023 2372 ost
1043 2312 1147 2393 potiar
1172 2313 1224 2373 vel

258 2424 374 2505 musis,
404 2422 490 2503 quod
517 2438 607 2501 saepe
633 2418 730 2481 abest.
773 2414 817 2479 De
839 2428 1053 2500 praevertere,
1086 2428 1119 2481 et
1131 2440 1227 2502 proe-

257 2532 340 2593 sem·
363 2528 435 2595 viae
461 2529 554 2590 oron.
580 2508 613 2587 s.
639 2525 672 2585 r.
694 2546 726 2607 p.
754 2526 802 2586 ro.

297 2637 347 2699 Vs.
377 2636 406 2697 9.
436 2652 538 2713 noque
554 2616 666 2693 ‘istaes
701 2640 795 2695 sont:
831 2631 939 2713 inepte
970 2632 1051 2695 seria
1072 2632 1224 2696 declamas

258 2742 343 2821 apud
367 2748 543 2803 amatorem.

295 2847 346 2907 Vs.
369 2847 416 2909 10.
438 2846 528 2905 sina:
547 2846 702 2927 posterius
727 2847 813 2922 tiae,
842 2846 927 2928 quod
943 2848 1085 2911 absolute
1103 2850 1152 2910 sio
1168 2869 1224 2930 po-

256 2954 352 3019 situm
376 2952 542 3033 ¹permultis
568 2952 637 3015 aliis
662 2954 739 3017 loeis
761 2956 908 3018 minantis
935 2965 999 3031 est,
1036 2965 1070 3017 et
1085 2957 1222 3019 malevo-

256 3060 366 3135 lentis,
407 3080 444 3122 eo
469 3079 560 3125 sensu
586 3060 640 3122 hio
666 3070 748 3123 stare
774 3083 837 3125 non
853 3073 974 3145 potest:
1004 3063 1095 3125 editt.
1122 3073 1219 3139 vett,

213 3210 215 3213 -
258 3168 446 3248 suffragante
479 3167 531 3231 (ld.
569 3168 688 3243 dead,
735 3170 853 3231 habent
883 3173 969 3244 sino,
1016 3170 1102 3249 quod
1133 3170 1227 3233 uuioe

258 3256 366 3351 verum
402 3276 561 3337 existimo:
596 3278 713 3354 reliqui
749 3278 815 3338 llos.
843 3276 910 3339 iero
935 3278 1011 3365 dant
1034 3279 1113 3339 sine.
1165 3279 1227 3339 lloo
1303 3274 1305 3278 ’

256 3382 337 3445 dioit
360 3383 537 3447 Calidorus:
575 3386 642 3447 sino
664 3405 715 3446 me
733 3404 809 3465 prae
835 3404 938 3447 amore
961 3385 1114 3457 insanire,
1137 3386 1227 3465 inep-

257 3492 318 3553 tias
351 3512 463 3573 agero:
504 3494 592 3553 mitta
628 3515 674 3553 mo
701 3494 768 3555 ais:
798 3491 938 3552 sinemo
964 3491 1118 3553 stultitiae
1142 3510 1229 3553 meae
1304 3523 1307 3528 ·

257 3598 438 3681 indulgere,
476 3601 644 3669 stultitiam
670 3620 769 3662 meam
794 3619 860 3660 non
885 3606 1011 3670 curato,
1040 3608 1105 3657 non
1129 3599 1229 3679 respi·
1308 3576 1323 3684 γ’

257 3708 331 3769 oito.
381 3708 429 3769 Ad
454 3707 538 3790 quod
561 3709 729 3771 Pseudolus
739 3730 751 3787 :¹
775 3707 858 3781 sino,
890 3705 998 3779 mitto,
1033 3704 1125 3765 modo
1150 3704 1229 3765 mihi

252 3813 351 3877 liceat
373 3815 485 3877 abires
514 3815 565 3877 Sio
591 3816 674 3876 enim
697 3814 799 3877 omnia
825 3812 942 3895 optime
960 3818 1148 3889 congruunt.

296 3920 346 3984 Vs.
370 3922 417 3983 12.
445 3942 513 4003 sqq.
547 3923 688 3985 Turbant
714 3922 781 3983 llos.
806 3922 843 3982 in
866 3917 1047 3999 effingendis
1068 3919 1225 3998 personis:

256 4044 314 4106 pro
333 4028 412 4101 abiit
429 4028 529 4091 Bothe
544 4028 624 4091 vidit
640 4029 808 4110 legendum
825 4048 891 4091 esse
909 4027 984 4089 obit.
1006 4024 1079 4105 Sqq·
1089 4027 1225 4105 qoem-

703 4139 706 4146 ’
1079 4139 1101 4201 6
