3275 5117
839 492 905 571 70·

454 734 511 803 Sic
525 737 609 801 irem
621 736 657 799 in
666 742 797 820 promtu
809 753 948 820 gerere:
972 744 1095 823 quanto
1106 735 1217 801 setius
1229 748 1305 818 eet,

384 852 440 919 30.
448 848 554 917 Adire
575 844 709 913 blandis
730 845 869 928 verbis,
893 859 993 935 etque
1015 851 1219 937 exquirere,

449 961 527 1028 Sint
548 958 633 1038 ille,
656 979 759 1026 necne
780 961 875 1040 sint,
899 982 984 1048 quee
1006 961 1072 1028 tibi
1092 966 1303 1030 renunciant.

450 1074 563 1142 Bonus
584 1076 714 1139 enimus
737 1075 773 1139 in
794 1071 882 1140 mele
903 1096 941 1141 re
963 1075 1140 1143 dimidium
1161 1091 1215 1143 est
1236 1076 1330 1144 meli.

450 1211 494 1255 rr.
516 1187 598 1255 'l'ibi
618 1185 825 1253 auscultabo.
870 1208 922 1254 rs.
945 1188 1020 1256 Itur
1029 1191 1072 1256 etl
1083 1203 1136 1271 te,
1160 1190 1347 1260 Pseudolo:

453 1300 646 1369 Orationem
667 1302 732 1368 tibi
752 1322 834 1389 pere
855 1302 1031 1370 nivernum
1053 1326 1180 1371 senem.

388 1400 581 1486 corleum
601 1413 709 1482 seluto
728 1417 896 1502 primum,
918 1429 956 1483 ut
974 1438 1113 1505 nequem
1136 1431 1209 1484 est:
1239 1432 1356 1505 postea

454 1530 494 1598 Si
516 1532 597 1620 qnid
617 1532 789 1618 supersit,
812 1532 945 1596 vicinos
967 1532 1139 1619 impertio.

454 1668 499 1715 rr.
522 1644 635 1713 Salve.
660 1642 749 1721 Quid
772 1642 909 1730 egituri
935 1665 987 1710 rs.
1011 1643 1128 1714 Stetur
1145 1645 1200 1714 lric
1212 1647 1353 1715 adhunc

1211 1760 1355 1827 modum.

457 1895 502 1942 sr.
525 1871 921 1953 Stutumvidehominis,
938 1870 1119 1961 Callipho,
1144 1896 1241 1962 quem
1262 1874 1355 1941 besi-

1234 1987 1355 2055 licum!

458 2122 513 2170 ct.
536 2100 627 2170 Bene
649 2098 918 2189 confidenterque
938 2102 1093 2167 astitisse
1114 2099 1294 2187 intellego.

396 2222 512 2289 lit-rs.
523 2216 631 2285 Decet
652 2219 885 2297 innocentem,
908 2217 968 2304 qui
978 2216 1047 2296 sit,
1059 2228 1159 2303 utque
1170 2214 1357 2293 innoxius,

481 2388 525 2443 34.
542 2391 567 2441 ti
582 2390 603 2441 i.
620 2390 653 2439 r'n
667 2404 696 2455 p.
713 2402 828 2455 peroret.
860 2386 905 2439 40.
922 2401 946 2437 e.
963 2402 989 2438 e.
1005 2385 1067 2452 plne
1082 2400 1124 2436 en.
1158 2385 1201 2437 41.
1219 2386 1341 2451 superfit.

482 2482 525 2537 te.
544 2486 682 2535 innocent.

437 2646 488 2709 Vs.
514 2645 563 2707 38.
583 2646 651 2704 itnr
669 2642 710 2703 orl
727 2651 778 2702 te:
799 2643 885 2722 Gept.
905 2642 942 2715 3,
965 2640 998 2715 l,
1018 2641 1048 2701 2.
1069 2652 1146 2701 cunt
1164 2640 1360 2702 cdteiorter.

438 2752 489 2813 Vs.
509 2751 559 2813 tl.
580 2750 735 2833 supersit:
765 2746 1022 2828 Antcponeudum
1042 2766 1169 2820 censeo,
1201 2746 1286 2827 quod
1307 2745 1360 2809 cd.

400 2856 494 2920 Acetl.
524 2866 556 2917 et
583 2857 676 2918 multi
700 2854 754 2916 elii
773 2854 862 2927 dent,
895 2854 1037 2935 superfit,
1069 2854 1180 2916 Plauto
1198 2854 1360 2926 usitatius,

401 2964 556 3046 quamvis,
588 2962 644 3023 ubi
663 2969 825 3041 tantopere
853 2961 991 3022 titubant
1015 2961 1101 3037 lies,
1130 2982 1211 3044 quae
1227 2982 1301 3025 rere
1325 2962 1366 3023 sit

402 3071 513 3144 lectio,
544 3070 597 3129 vir
616 3068 680 3130 diei
699 3076 802 3147 queat.

443 3179 494 3241 Vs.
521 3179 570 3239 ll.
600 3175 803 3256 confidenter,
833 3176 857 3238 i.
884 3195 912 3238 e.
942 3178 1104 3252 cndocter,
1136 3181 1292 3259 praviter,
1329 3181 1364 3239 in

403 3287 514 3349 bonam
542 3293 679 3365 partem:
710 3282 895 3365 plerumque
919 3286 953 3345 iu
972 3286 1085 3346 melem
1104 3294 1224 3365 purtem
1244 3304 1301 3364 pro
1320 3293 1365 3342 te-

404 3414 503 3467 rnere,
535 3392 747 3474 impudenter:
782 3391 845 3453 Cic.
867 3394 956 3453 Tunc.
977 3391 1044 3465 111,
1067 3393 1102 3464 7,
1125 3390 1172 3450 ΙΙ.
1204 3388 1367 3467 Confidenr

379 3482 381 3487 ⁵
404 3501 487 3562 ntnlo
501 3499 722 3562 consuetudine
740 3497 882 3580 loquendi
898 3500 935 3559 in
952 3498 1031 3559 citio
1043 3496 1206 3579 ponitnrr·
1221 3493 1277 3552 ubi
1294 3491 1366 3553 vide

404 3608 553 3672 Wolfium
578 3606 612 3667 in
635 3605 733 3670 Prsol.
768 3607 819 3669 Sic
841 3616 982 3690 proterve
999 3604 1033 3663 in
1050 3602 1162 3662 bonum
1178 3608 1298 3680 partem
1315 3618 1367 3660 ec·

405 3718 523 3799 cipitur
540 3715 647 3777 eedem
664 3714 808 3787 notione,
839 3710 949 3792 Amph.
970 3710 1000 3769 2.
1021 3709 1051 3770 2.
1072 3707 1142 3767 207.

409 3892 410 3895 ¹
444 3823 494 3885 Vs.
515 3823 564 3885 t5.
585 3821 669 3882 decet
686 3822 895 3889 innocentem,
918 3817 972 3896 qni
1005 3816 1066 3875 rit:
1092 3814 1270 3875 ἄνακολονθίι.
1309 3811 1369 3873 In'·

360 3966 361 3970 =
406 3948 519 3994 noeenr
546 3936 609 4001 est,
650 3912 796 4007 quinon
814 3930 924 3999 uocet3
953 3922 1101 3984 innectes
1120 3920 1177 4000 qui
1196 3938 1259 3981 uon
1278 3921 1367 3981 novit

407 4054 538 4098 nocere:
569 4035 609 4098 ci.
634 4036 719 4099 Serv.
738 4032 777 4096 ed
794 4030 871 4093 lleu.
890 4030 925 4093 x.
945 4028 1014 4092 302.
1056 4028 1143 4091 idem
1159 4026 1296 4091 recurrit
1312 4027 1367 4089 iir-
