3275 5117
727 524 777 599 19

343 768 471 853 Spero,
495 762 651 831 alicunde
673 758 1069 847 hodiemeboneopere,
1092 714 1244 829 ontlrec⁸

1150 898 1224 945 rnee

340 992 422 1059 'ribi
444 994 657 1057 inventurum
680 1010 757 1055 esse
778 986 1198 1077 auxilium'ergenterium.

335 1107 449 1194 Atque
471 1106 508 1169 id
528 1106 677 1197 futurum
698 1102 809 1182 unde,
847 1101 935 1167 unde
956 1101 1063 1168 dicem
1080 1108 1218 1182 neseio,

322 1306 378 1357 102.
397 1306 465 1357 douo
481 1320 562 1371 opero
578 1311 628 1355 out
644 1303 724 1354 melu.
762 1300 819 1353 10⁴.
839 1302 910 1351 uude
929 1306 969 1353 ter
984 1303 1130 1370 repetitum.

221 1514 226 1526 ’
292 1514 341 1573 Vs.
373 1514 440 1573 102.
471 1511 550 1571 dono
569 1530 661 1593 opero
681 1521 736 1571 aut
756 1510 810 1569 luae
831 1530 908 1570 meo.
950 1511 1135 1570 Gennanum
1153 1510 1214 1572 hoe

250 1628 317 1693 est,
347 1628 380 1679 et
399 1637 473 1679 vere
493 1619 686 1693 Plautinum,
711 1616 857 1697 quoniam
871 1617 963 1694 jocus
982 1614 1015 1690 ἐξ
1032 1616 1220 1691 &speciosiore

252 1725 350 1797 inest,
382 1744 459 1805 quos
486 1725 594 1785 veneri
614 1724 693 1785 solet
713 1725 858 1804 Plautus:
890 1721 985 1781 donae
1005 1743 1112 1804 operae
1131 1744 1219 1804 spec·

252 1842 365 1893 satores
392 1827 504 1893 euclem
530 1832 700 1912 oppositam
729 1838 927 1910 exspectent,
958 1838 991 1889 et
1009 1829 1143 1891 audiunt
1161 1830 1219 1891 ltoc

250 1962 334 2017 mee3
356 1942 450 2001 lectio
471 1940 524 2002 Cd.
544 1938 743 2013 Academiae,
767 1947 800 1998 et
818 1937 988 1998 multorum
1007 1937 1139 1999 oliorum
1158 1938 1219 2017 igi-

250 2058 304 2109 tur
323 2063 362 2109 ex
381 2048 642 2128 interpretatione
661 2046 764 2107 fluxit.
805 2045 896 2107 Bono
914 2065 1006 2127 opero
1025 2054 1072 2105 cst
1090 2046 1220 2108 honeste

250 2156 355 2237 aliqua
380 2156 479 2218 ratio:
510 2175 591 2236 queo
611 2156 637 2215 si
657 2174 720 2216 non
740 2152 901 2228 succedat,
925 2154 1047 2231 inquit,
1069 2163 1141 2215 utar
1160 2154 1219 2217 hac

251 2282 335 2337 mee,
366 2263 388 2324 i.
409 2282 437 2323 e.
458 2262 555 2336 male,
587 2261 708 2334 fallaci,
740 2247 889 2340 qusm‘tu
909 2269 942 2320 et
961 2280 1015 2321 vos
1035 2280 1141 2322 omnes
1160 2282 1218 2323 no·

250 2371 357 2430 vistis:
396 2379 430 2431 et
464 2389 532 2443 ero,
581 2367 664 2448 quod
701 2386 815 2428 nomeu
841 2385 944 2426 meruu
971 2367 1106 2443 indicat,
1146 2388 1220 2429 rere

252 2478 430 2539 Pseudolus.
470 2478 574 2539 Omnis
592 2494 687 2557 opera
705 2475 829 2535 servilis
846 2476 1032 2555 ceteroquin
1051 2477 1085 2536 in
1103 2477 1153 2537 his
1171 2477 1219 2540 ia·

251 2586 334 2646 bulis
354 2595 386 2646 et
411 2584 605 2645 Terentienis
625 2590 756 2643 vocetur
773 2581 871 2654 male,
904 2600 975 2642 eu1n
994 2584 1127 2645 maxime
1146 2584 1219 2645 liliis

253 2690 406 2753 herilibus
424 2709 486 2770 qun
500 2678 590 2767 jure,
622 2708 685 2769 qua
703 2688 820 2766 injuria
839 2688 1003 2769 pecuniam
1022 2691 1219 2772 suppeditare

253 2797 397 2856 student:
428 2794 470 2855 ef.
489 2794 565 2854 Asin
583 2796 613 2857 3.
633 2796 664 2857 3.
687 2796 758 2869 itt,
792 2797 877 2876 (lapt.
898 2797 928 2859 3.
950 2799 979 2859 5.
1001 2798 1051 2860 l3.
1204 2871 1207 2876 ¹

295 2902 345 2960 Vs.
375 2901 442 2961 lot.
474 2901 536 2963 Cal.
566 2901 665 2982 Atque
692 2904 729 2962 td
747 2904 895 2983 futurum
920 2905 1038 2967 uode?-
1059 2907 1107 2968 l's.
1133 2906 1220 2967 Unde

254 3007 354 3067 dicam
374 3008 487 3069 neseio.
522 3008 580 3069 'Sic
601 3009 798 3071 scribendum
818 3011 960 3087 videtur,
991 3032 1070 3086 non,
1092 3022 1130 3074 ut
1147 3012 1245 3073 vul·'

254 3134 310 3194 go,
349 3114 452 3175 omnia
479 3114 630 3177 Pseudolo
660 3118 837 3181 tribuenda.
885 3122 1035 3181 Nonnulli
1059 3122 1144 3181 unde
1172 3130 1222 3183 ter

254 3230 419 3302 repetuut3
451 3231 483 3283 ct
511 3222 655 3284 scribunt
675 3224 778 3294 otvel
798 3228 885 3306 atqui
903 3247 961 3307 pro
979 3237 1090 3309 etqu03
1121 3237 1158 3288 ut
1177 3230 1222 3291 sie

255 3340 344 3391 sonet
367 3348 492 3391 versus:
525 3332 587 3392 cal.
618 3332 661 3392 At
680 3334 716 3392 id
725 3336 876 3413 sutorum
894 3334 1002 3394 uode?
1029 3335 1076 3396 Ps.
1110 3335 1221 3396 Unde?

253 3438 336 3501 uude
363 3438 464 3497 dicam
493 3441 616 3499 nescio:
646 3439 699 3499 sed
729 3458 792 3501 uon
811 3460 889 3520 opus
908 3450 955 3500 est
974 3440 1030 3501 tali
1049 3442 1221 3504 emendeti-

253 3562 329 3619 one,
359 3564 439 3624 queo
467 3555 567 3605 metro
595 3566 721 3628 quoque
742 3537 899 3608 contraria
918 3556 976 3607 est.
1017 3547 1116 3629 Atque
1136 3548 1220 3608 enim

255 3650 338 3730 apud
364 3650 507 3712 Plautum
534 3661 568 3712 et
596 3654 676 3734 apud
705 3654 781 3715 elios
808 3653 974 3734 scriptores
990 3653 1149 3715 interdum
1164 3674 1223 3735 pro

253 3758 340 3836 etqui
357 3758 516 3837 particula
535 3769 582 3819 est
601 3760 811 3824 adversativa:
834 3760 944 3823 Bacch.
967 3763 999 3836 l,
1028 3762 1061 3835 1,
1080 3762 1136 3840 533
1157 3764 1221 3824 Cas.

257 3866 290 3937 2,
322 3866 357 3937 6,
390 3866 437 3925 12.
481 3868 513 3927 Si
530 3869 692 3948 vulgatum
709 3878 867 3943 servatur,
897 3870 1132 3950 explicandum:
1161 3890 1222 3931 uo-

243 3958 321 4029 de?
344 4006 384 4017 -
412 3976 496 4035 orode
524 3984 603 4049 eto,
636 3978 724 4057 quusi
746 3977 810 4054 jum
828 3996 932 4037 secum
948 3976 1117 4052 deliberet,
1142 3979 1225 4039 unde

211 4080 213 4086 ’
262 4074 384 4136 tandem
401 4079 442 4139 sit
459 4080 660 4143 inventurus:
687 4084 835 4163 repetitio
849 4084 967 4145 indicat
982 4084 1219 4148 difficultatem„
