3275 5117
857 502 912 587 ld

428 756 430 763 '
474 776 525 820 ps.
549 758 704 815 καὶτοῦτο
723 757 768 813 sat
790 758 876 815 τοῦτο
898 772 995 841 nego.
1023 774 1068 819 ει.
1090 753 1223 844 Eeqnas
1246 760 1372 847 viginti

1264 874 1372 940 minus

368 1036 374 1051 .
405 986 460 1048 70.
473 980 538 1047 Per
559 980 808 1066 sycophantiam
834 992 934 1067 atque
954 1002 1015 1067 per
1036 980 1150 1048 doctos
1173 982 1267 1051 dolos

453 1135 456 1139 ·
469 1094 614 1173 Paritas,
627 1106 665 1159 ut
675 1094 808 1157 auferas
820 1114 841 1157 a
850 1114 903 1159 me
912 1092 927 1156 i
937 1114 989 1159 rs.
999 1093 1072 1161 Ahs
1085 1110 1119 1162 te
1132 1120 1194 1183 ego
1204 1100 1371 1167 auferam?

470 1230 515 1275 ιι.
538 1207 612 1275 Ita:
627 1228 708 1294 quas
721 1227 794 1271 meo
805 1218 904 1294 gnato
916 1206 975 1272 des
988 1252 999 1286 ,
1013 1214 1072 1296 qui
1084 1214 1223 1277 amioum
1235 1210 1370 1280 liberet.

467 1345 519 1390 Pa.
541 1320 711 1388 Fater-idei
726 1324 772 1380 sai
790 1324 875 1411 roi'sro
893 1326 949 1390 osi,
970 1328 1016 1381 καὶ
1035 1327 1120 1385 τοῦτο
1136 1330 1186 1386 ssi.

466 1458 522 1505 cs.
544 1439 694 1504 Fatetur.
717 1458 761 1503 sr.
784 1434 1126 1530 Dixin’,Callipho,
1149 1445 1271 1512 dudum
1284 1446 1370 1514 sitit

406 1686 452 1745 xit
478 1685 511 1743 in
538 1702 642 1744 omnes
668 1692 949 1773 partesparatum‚
984 1687 1149 1763 callidum,
1179 1690 1290 1753 dootus
1309 1694 1370 1753 eti·

404 1813 453 1853 ιιιιι
473 1794 589 1853 Graeco
607 1800 672 1851 est:
695 1772 787 1872 (purum
807 1793 848 1852 oh
867 1813 990 1855 cansam
1009 1804 1042 1855 et
1062 1816 1133 1857 omn
1153 1798 1281 1859 Socrate
1300 1820 1371 1861 euru

406 1908 579 1980 comparat,
621 1908 654 1959 et
681 1898 951 1983 philosophantem
976 1901 1109 1965 inducit.
1160 1906 1250 1966 Solus
1273 1908 1372 1987 igitur

403 2007 571 2068 Pseudolus
591 2008 707 2068 Graece
726 2006 880 2087 loquitur.
900 2036 942 2053 -
969 2007 1102 2089 Vulgata
1116 2020 1282 2091 propterea
1298 2014 1371 2092 qui-

403 2116 474 2176 dem
494 2114 588 2175 etiam
607 2115 710 2175 minus
729 2093 859 2204 ferenda
877 2114 1020 2187 videtur,
1049 2115 1150 2196 qnod,
1173 2117 1289 2198 optime
1302 2138 1369 2179 mo·

402 2232 499 2284 nanto
519 2222 692 2296 Gronovio,
725 2229 773 2282 tot
790 2240 884 2301 supra
900 2220 1045 2301 infraque
1061 2222 1154 2282 nexis
1169 2222 1297 2284 senariis
1314 2223 1371 2284 hos

403 2329 480 2391 dnos
496 2349 604 2391 versus
620 2328 776 2409 longiores
793 2328 987 2408 interjeoisse
1004 2327 1146 2390 Plautum
1164 2329 1217 2389 rix
1234 2330 1370 2391 eredibi-

402 2438 433 2500 le
451 2446 508 2500 est.
549 2438 594 2500 Er
611 2446 760 2519 corrupto
777 2437 931 2498 librorum
949 2436 1104 2517 scriptura
1121 2456 1195 2499 vora
1210 2436 1294 2498 forte
1310 2438 1369 2499 eli·

402 2547 432 2607 oi
449 2555 566 2628 potest,
588 2564 758 2623 versusque
774 2545 838 2605 suis
855 2543 993 2615 numeris
1010 2544 1153 2605 restitui:

442 2651 684 2713 Meumnmare?
704 2652 751 2713 Ps.
763 2657 803 2712 rai
822 2656 888 2728 γάρ.
924 2650 998 2711 Sim.
1016 2651 1371 2734 Liberoraquomoaliti
1460 2646 1463 2651 ¹

442 2759 490 2818 Ps.
511 2765 558 2820 sat
578 2763 663 2819 τοῦτο
680 2764 721 2819 sai
740 2758 801 2834 γάρ.
838 2759 915 2829 Sim.
937 2779 1048 2840 eoquat
1067 2770 1124 2820 eto.

442 2873 498 2927 Nat
517 2870 568 2940 γάρ
590 2872 637 2923 est
656 2864 808 2923 librorum
830 2882 961 2944 ooepor,
983 2866 1067 2927 unde
1086 2868 1222 2931 manavit
1239 2890 1370 2951 separe.-

403 2972 566 3052 usurparit
584 2968 751 3032 Pseudolus
762 2969 796 3028 in
812 2970 1026 3047 affirmatione,
1046 2983 1082 3034 ut
1099 2975 1188 3038 Plato
1204 2996 1294 3057 saepe
1311 2980 1370 3039 tort

402 3088 453 3158 pop
476 3078 560 3141 aisn:
588 3082 640 3154 peip
668 3076 703 3136 in
729 3076 906 3139 affirmando
931 3078 1216 3158 frequentissimum
1241 3093 1305 3157 est,
1334 3092 1370 3142 ut

401 3188 436 3246 in
454 3185 484 3248 oi
502 3192 543 3258 pn
559 3185 629 3260 γάρ,
653 3187 684 3243 si
704 3188 774 3260 γάρ,
795 3193 828 3244 et
845 3184 1007 3248 similibus.
1048 3188 1160 3251 Eadem
1172 3190 1239 3249 lere
1256 3190 1296 3247 de
1310 3189 1369 3248 hoo

403 3295 474 3354 loco
490 3301 537 3351 est
553 3288 708 3351 sententia
725 3290 854 3351 Bothii.'
882 3292 932 3354 Vs.
952 3294 1000 3355 73.
1022 3294 1098 3354 edit.
1120 3292 1226 3372 Steph.
1245 3292 1338 3351 haee:

565 3396 684 3458 Fetere.
706 3402 839 3471 staura,
855 3399 900 3463 ’ἵνα
917 3406 963 3462 sul
982 3401 1066 3470 αὖτὸς
1080 3402 1212 3473 ivosium.

441 3506 484 3568 m
500 3514 588 3567 votat
604 3504 803 3587 liippoorates
819 3506 991 3588 desperatis
1000 3505 1111 3565 dooere
1130 3502 1323 3565 medicinam.

442 3614 493 3675 Vs.
516 3615 564 3675 7t.
596 3611 725 3674 Fatetur
749 3633 820 3675 oum
839 3612 951 3675 Bothio
970 3610 1086 3672 Simoni
1105 3608 1240 3671 dandum
1260 3612 1368 3673 existi·

403 3741 470 3796 mo,
502 3740 562 3783 neo
592 3719 764 3801 Coliphoni.
784 3751 826 3766 —
854 3719 987 3778 dodum:
1009 3716 1092 3777 siout
1113 3716 1224 3800 prorui
1249 3719 1369 3801 saepius

403 3832 443 3891 do
471 3830 570 3910 spatio
604 3826 758 3899 breviori,
795 3824 841 3884 ita
869 3831 903 3884 et
928 3822 1044 3882 dudum
1070 3821 1110 3883 de
1137 3831 1278 3905 tempore
1304 3845 1368 3887 non

403 3937 496 4015 longa
521 3934 692 4015 praeterito
714 3930 850 4005 dieitur;
896 3948 959 3990 non
984 3938 1106 4020 tanturn
1128 3931 1211 4010 apud
1238 3932 1369 3995 comicos

406 4042 598 4120 saepissime,
622 4039 676 4100 sed
694 4038 788 4099 etiam
807 4036 890 4116 apud
909 4035 985 4097 alios
1004 4036 1182 4117 scriptores.
