3275 5117
869 510 925 587 50

483 777 538 822 cs.
561 752 675 820 Perit!
700 772 816 819 ennon
839 752 981 820 tumlex
991 756 1381 847 moperiitquinsvioe·

420 979 923 1049 700Metuuntoredereomnes.
945 1001 1002 1047 et.
1014 982 1137 1048 Eodem
1149 997 1202 1049 est
1211 879 1386 1069 milliillsxt·

1112 1108 1224 1163 metuo
1235 1103 1383 1171 eredere.

486 1228 539 1274 rs.
562 1204 849 1275 Credereeutemi
872 1204 958 1285 ebo,
981 1211 1181 1295 mpoenitet
1193 1224 1227 1278 te
1240 1259 1251 1292 ,
1265 1231 1386 1306 quanto

1099 1322 1387 1396 biofueritusuii

487 1457 545 1502 es.
567 1432 642 1502 Non
676 1444 730 1499 est
755 1434 834 1497 usui
856 1434 1030 1522 quisquam
1052 1450 1201 1518 ametor,
1234 1442 1304 1507 nisi
1326 1447 1386 1531 qui

1102 1566 1276 1641 perpetuet
1286 1556 1362 1623 data
1373 1605 1384 1639 ,

509 1710 550 1763 71.
572 1727 603 1777 p.
621 1717 640 1763 t.
659 1726 747 1777 quom.
788 1708 829 1762 72.
856 1714 921 1761 erui
937 1729 962 1778 q.
981 1728 1007 1763 a.

465 1891 514 1951 Vs.
536 1891 585 1952 69.
607 1890 655 1951 loe
675 1892 772 1971 quiea
791 1892 955 1951 oioeeorie
973 1902 1021 1953 est
1040 1894 1093 1955 lex
1112 1896 1269 1973 Laetoria,
1301 1903 1382 1978 sire,

426 2008 463 2060 ut
490 1997 584 2059 bodio
609 1997 677 2058 sere
696 1997 862 2072 scribitur,
893 1999 1063 2073 Plaetorio,
1095 2001 1247 2077 (incertos
1265 2009 1390 2089 aetatis)

429 2108 466 2165 de
492 2105 774 2187 oisoemsom'ptiom
801 2104 1052 2180 adolescentium,
1085 2128 1147 2186 qua
1165 2119 1291 2171 eentum
1310 2115 1391 2175 exis·

427 2212 554 2286 timent,
594 2230 636 2272 no
663 2211 765 2272 minor
794 2210 872 2272 XXV
891 2212 980 2273 annis
997 2213 1160 2292 pecuniam
1178 2224 1317 2278 mutuom
1336 2239 1387 2279 su·

428 2339 530 2395 mere,
577 2318 737 2401 stipulari,
778 2319 841 2381 imo
874 2318 1019 2379 universe
1047 2338 1080 2380 se
1107 2320 1246 2401 obligare
1271 2334 1390 2404 posset:

430 2435 513 2500 tum,
551 2434 588 2486 ut
625 2423 681 2505 qui
716 2424 811 2485 telem
839 2422 911 2484 dolo
937 2422 1020 2486 malo
1047 2424 1234 2507 decepisset,
1269 2429 1390 2509 judicio

429 2534 557 2616 publioo
586 2542 765 2606 teneretur,
805 2540 839 2594 et
866 2530 1027 2592 damnatus
1054 2531 1176 2595 inlamis
1203 2534 1391 2601 haberetur:

434 2643 483 2705 eff.
503 2642 604 2703 Pleut.
625 2640 705 2703 Rud.
727 2642 756 2702 5.
779 2640 809 2699 3.
831 2640 889 2717 2t3
920 2639 982 2701 Cio.
1003 2639 1331 2725 d00ffi111.1tsq.;
1352 2646 1392 2708 de

432 2750 501 2809 liat.
530 2748 620 2809 lleor.
651 2747 710 2809 III.
737 2748 807 2823 eo,
839 2747 937 2828 Capit.
960 2747 993 2806 in
1011 2748 1069 2808 vit.
1090 2747 1128 2808 ll.
1149 2748 1257 2812 Aurel.
1279 2752 1391 2815 Anton.

434 2874 463 2916 e.
485 2854 543 2930 10;
564 2854 674 2933 fragm.
695 2854 758 2915 duo
777 2874 815 2913 ex
835 2856 920 2915 Suet.
941 2842 1062 2917 serrata
1076 2876 1095 2918 a
1110 2858 1204 2920 Prisc.
1223 2859 1290 2921 Lib.
1307 2860 1393 2922 v111.

433 2981 464 3042 p.
495 2960 552 3021 743
581 2980 627 3039 sq.
655 2956 731 3019 edit.
761 2958 884 3019 putsch.
935 2961 1054 3043 Lipsius
1072 2983 1130 3044 pro
1149 2966 1311 3030 vicenario
1328 2990 1394 3031 ma·

303 3060 306 3067 '
436 3068 506 3127 vult
533 3066 734 3139 vicennarie,
765 3085 824 3146 pro
852 3086 915 3147 quo
943 3078 1029 3130 oerte
1055 3072 1172 3133 militat
1191 3076 1393 3156 etymologia:

435 3172 490 3234 sed
515 3180 636 3233 veteres
665 3171 699 3230 in
727 3172 868 3233 omnibus
886 3175 1055 3237 seeundum
1074 3180 1290 3259 etymologiam
1308 3181 1397 3242 loou·

436 3290 484 3341 tos
503 3298 567 3340 esse
587 3289 620 3341 et
639 3278 811 3360 scripsisse,
843 3301 906 3342 non
925 3282 1080 3344 credibile
1098 3292 1156 3344 est.
1370 3368 1372 3373 ³

477 3385 529 3448 Vs.
551 3387 600 3447 71.
630 3395 732 3447 aetem
751 3387 784 3447 in
803 3390 1017 3470 responsione,
1049 3408 1130 3467 quae
1149 3390 1184 3449 fit
1200 3389 1395 3469 interrogen-

436 3494 493 3569 do,
532 3492 627 3555 hebet
654 3494 718 3554 rim
746 3496 948 3577 indignandi:
988 3495 1029 3557 el.
1057 3498 1127 3555 Ter.
1148 3493 1279 3575 Adelph.
1300 3496 1334 3568 5,
1358 3494 1393 3567 ll,

438 3602 494 3677 ll,
519 3601 627 3683 ibique
645 3601 771 3664 Rubnl.
791 3637 833 3649 —
853 3605 1012 3687 poenitet.-
1030 3602 1053 3663 i.
1073 3620 1102 3661 e.
1121 3620 1231 3679 porum
1249 3601 1393 3662 ridetur:

437 3710 500 3771 cio.
521 3710 560 3770 de
579 3710 633 3772 off.
654 3708 680 3771 I.
704 3712 731 3771 1.
752 3713 790 3772 3:
813 3710 932 3770 tamdiu
950 3720 1052 3768 autem
1071 3707 1149 3767 velle
1164 3708 1300 3783 debebis,
1324 3728 1398 3788 φω-

369 3896 370 3902 ¹
436 3818 478 3877 ed
504 3828 548 3891 to,
580 3827 729 3898 quantem
751 3809 911 3899 proficier,
944 3835 1007 3875 noe
1023 3815 1215 3898 poenitebit:
1243 3815 1283 3877 os.
1305 3816 1394 3878 Heus.

435 3944 463 3986 a.
484 3924 517 3985 h.
538 3925 560 3983 l.

477 4030 526 4091 Vs.
557 4032 606 4093 72.
636 4052 699 4091 noe
727 4042 773 4091 est
790 4030 864 4091 mi
882 4030 1044 4113 quiequam
1061 4041 1189 4092 amtor.
1229 4030 1282 4093 (ld.
1303 4030 1397 4093 loeti,
