3275 5117
714 500 793 577 145

367 792 519 863 Ac'ws
543 792 723 870 QUAB'l'l
748 793 899 862 SGENA
922 793 1115 872 QUINTA.

665 1036 801 1082 Rutulo.

321 1187 376 1253 Hu
398 1186 563 1253 huolnuno
595 1182 724 1253 domum
752 1185 839 1251 milri
860 1188 991 1251 uuimus
1017 1188 1054 1249 iu
1078 1199 1149 1251 tuto
1172 1201 1224 1252 ost

1123 1298 1221 1379 looo,

323 1414 502 1502 Postquam
526 1415 592 1479 isto
613 1413 691 1479 hino
704 1413 812 1490 abiit,
837 1412 1223 1501 utquoubdoxitmulio·

1139 1548 1221 1592 rom.

322 1640 413 1707 Mihi
423 1638 508 1707 libet
519 1662 605 1706 nuno
616 1643 732 1707 vouiro
747 1639 973 1718 Pseudolum,
991 1640 1154 1709 scelerum
1166 1664 1221 1706 cu-

469 1746 473 1753 ’
1135 1769 1219 1843 put,

322 1869 365 1933 Et
385 1868 550 1935 ubduooro
571 1884 591 1932 o
614 1890 666 1934 me
689 1867 865 1935 mulierem
886 1868 1048 1938 fallaciis.

280 1988 311 2047 5.
323 1982 502 2069 Conooptis
526 1981 639 2049 hercle
661 1984 775 2050 vorbis
799 1986 884 2050 sotis
907 1999 997 2050 corto
1018 1987 1091 2051 soio

320 2098 393 2184 Ego
413 2102 585 2184 perjurare
605 2097 783 2165 mavellem
804 2119 857 2165 mo
878 2097 1032 2177 millies,

322 2209 428 2287 Quum
440 2212 526 2277 milri
537 2212 635 2279 illum
647 2212 748 2279 verbu
759 2236 821 2300 por
833 2211 1056 2279 deridiculum
1067 2212 1158 2278 duro.

321 2326 418 2394 Nuuo
431 2327 588 2394 deridebo
599 2325 712 2394 herulo
724 2327 889 2393 hominum
904 2373 914 2406 ,
939 2329 971 2391 si
983 2348 1179 2392 ooovouoro.

321 2440 449 2508 Verum
460 2444 496 2506 in
508 2442 712 2525 pitrinum,
737 2440 859 2518 oredo,
883 2442 1111 2518 utoouvenit‚
1136 2441 1220 2505 loro.

258 2559 310 2619 10.
320 2553 418 2620 Nuuo
430 2576 492 2640 ego
508 2554 674 2618 Simonem
686 2552 772 2618 milri
782 2553 915 2619 obvium
925 2555 1039 2617 veniat
1050 2550 1153 2618 velim
1167 2597 1177 2630 ,

318 2665 365 2732 Ut
385 2688 457 2731 mea
479 2664 611 2730 laetitia
632 2663 742 2731 laetus
763 2667 961 2752 promiscam
984 2668 1064 2732 siet.

319 2838 346 2888 3.
365 2837 436 2887 ubesl
452 2837 531 2889 mili.
567 2837 607 2889 10.
626 2839 726 2889 venire.
764 2838 805 2890 11.
819 2840 986 2904 promiscuo.

294 2959 344 3019 Vs.
367 2960 395 3019 3.
417 2959 495 3019 mili
511 2960 544 3017 in
562 2959 705 3040 plurimis
722 2961 812 3022 libris
830 2960 933 3035 abest,
959 2969 1061 3022 metro
1074 2961 1174 3023 ohost.

296 3068 345 3129 Vs.
376 3068 404 3128 9.
431 3076 467 3126 ut
494 3068 661 3142 conversim
684 3078 720 3129 ut
736 3079 862 3151 poclum
880 3078 928 3130 ost
943 3068 1028 3129 inter
1045 3088 1169 3129 servum
1190 3078 1223 3130 ol

256 3179 383 3249 horum,
412 3194 475 3236 non
492 3174 577 3235 inter
593 3194 643 3235 mo
662 3185 694 3237 ot
712 3178 882 3253 Simonem,
911 3186 948 3238 ut
964 3160 1118 3257 uocopisso
1133 3176 1225 3238 video

256 3284 379 3345 Lumb.:
411 3282 450 3343 el.
473 3283 506 3355 l,
537 3282 572 3354 5,
606 3282 662 3343 120
680 3302 746 3361 sqq.
765 3318 806 3331 -
816 3287 890 3365 soro
908 3285 976 3346 soil.
995 3294 1142 3355 tractum,
1172 3282 1224 3342 vol

254 3392 427 3464 castellium,
457 3388 540 3466 quod
559 3388 652 3450 iuoile
669 3391 879 3470 intelligitur:
907 3390 948 3450 ol.
967 3388 1054 3469 Epid.
1077 3388 1104 3448 l.
1125 3388 1154 3447 2.
1173 3386 1223 3448 12.

256 3512 290 3560 tu
316 3509 344 3559 lo
361 3500 398 3558 iu
412 3498 602 3581 pistrinum,
636 3498 703 3559 soil.
724 3499 853 3570 condus,
890 3494 946 3555 ubi
963 3495 1002 3554 de
1018 3491 1158 3574 pistrinis
1176 3495 1224 3553 vi·

254 3608 293 3668 do
314 3608 393 3669 Soal.

296 3714 345 3775 Vs.
376 3714 422 3775 ll.
441 3716 647 3796 promiscum:
671 3710 858 3797 promiscum
875 3708 1022 3770 dicebant
1034 3709 1221 3788 promiscue,

255 3822 358 3899 inquit
382 3822 403 3881 F
406 3830 462 3883 ost.
489 3822 511 3883 i.
535 3842 565 3883 v.
594 3822 648 3882 ubi
674 3820 746 3881 vido
764 3819 837 3878 intr.
857 3816 964 3877 Plures
983 3824 1085 3875 tamon
1102 3813 1169 3873 llss.
1189 3825 1222 3875 ot

255 3948 360 3993 omnes
384 3929 462 3991 odili
485 3932 678 4012 promiscum
716 3937 762 3989 ost
784 3926 895 3999 elium,
927 3922 983 4004 qui
1009 3920 1137 3984 oxhihol
1150 3943 1225 4005 pro·

255 4055 359 4095 musca.

1063 4141 1103 4207 19
