3275 5117
702 482 778 559 ltu

269 727 302 791 5.
313 718 575 810 Multiloqnnm‚
598 720 804 810 gloriosum,
827 718 1018 804 insulsum,
1041 724 1216 799 inutilem:

314 836 404 913 Quin
425 836 467 903 ob
489 856 560 903 oum
579 858 649 904 rem
661 834 770 902 Orous
793 838 944 924 recipere
956 835 1044 905 huno
1056 838 1098 907 el
1109 863 1147 908 se
1158 865 1217 911 uo·

1124 954 1216 1039 luit,

307 1068 355 1137 Ut
376 1080 468 1135 esset
490 1066 570 1146 hie,
594 1068 655 1154 qui
676 1066 816 1131 mortuis
840 1086 973 1131 coenum
998 1083 1143 1156 eoquat:

311 1180 400 1249 Nem
408 1182 464 1247 hie
480 1179 573 1246 solus
587 1178 663 1245 illis
675 1200 832 1267 coquere,
842 1178 930 1266 quod
938 1179 1082 1267 placeat,
1091 1194 1216 1267 potest.

310 1318 366 1365 co.
390 1297 430 1362 Si
441 1319 493 1361 me
505 1294 713 1361 arbitrabere
725 1296 793 1358 isto
802 1305 924 1380 paeto,
950 1294 1194 1381 ntpruediees,

245 1412 383 1482 10.(2ur
404 1407 634 1478 eondneebusi
657 1428 713 1475 nt.
739 1407 880 1495 Inopiat
902 1404 992 1474 ullus
1013 1427 1080 1475 non
1103 1426 1186 1479 erat.

311 1528 378 1594 Sed
400 1545 459 1591 nur
480 1523 619 1591 sedebus
641 1524 679 1588 in
700 1522 799 1602 foro,
821 1522 854 1587 si
876 1542 950 1588 erus
971 1542 1116 1612 coquus,

311 1642 364 1709 'l'u
386 1639 479 1707 solus
499 1650 634 1725 prester
655 1634 769 1702 aliast
800 1637 857 1702 co.
879 1635 952 1723 Ego
974 1637 1083 1737 licam
1105 1636 1191 1709 ubiz

327 1844 369 1892 12.
388 1848 408 1894 t.
421 1857 448 1935 ,⁸¹
464 1845 528 1905 post
544 1837 581 1889 o!
598 1852 636 1891 co.
656 1852 679 1889 e.
698 1836 758 1886 dieo
776 1834 838 1888 etti.

279 2006 329 2066 Vs.
359 2008 388 2067 5.
410 2003 640 2083 multiloquam,
672 2010 756 2064 ete:
785 2000 895 2081 supple
913 2004 1024 2082 osopio.
1065 2002 1105 2062 In
1122 2022 1209 2065 eom·
1290 2015 1294 2023 ‘

106 2133 108 2141 ’
240 2112 453 2193 paratioribus
480 2128 572 2192 saepe
599 2110 645 2171 sie
674 2107 832 2170 omittitur
859 2107 1016 2188 purtieula
1043 2108 1141 2188 moqs‘o
1160 2110 1213 2169 vel

239 2224 356 2281 minus:
395 2218 483 2281 llost.
514 2219 548 2291 l,
580 2218 617 2293 3,
640 2218 680 2279 43
700 2214 893 2295 intelligitur
912 2214 1038 2273 minus:
1068 2214 1110 2275 el.
1131 2214 1213 2278 liud.

237 2330 271 2402 4,
303 2330 339 2400 4,
371 2330 428 2405 70;
458 2326 538 2391 Men.
560 2326 597 2399 5,
622 2325 655 2398 1,
679 2324 737 2397 263
765 2322 849 2415 ,Lips
871 2320 965 2401 Epist.
989 2323 1113 2397 Quaest.
1135 2321 1204 2383 Lib.

241 2438 270 2497 5.
297 2434 350 2515 Ep.
372 2436 422 2495 23.
464 2434 575 2493 Potius
595 2449 721 2513 quoquo
740 2430 784 2490 sie
804 2446 1036 2509 nonnumquam
1056 2428 1212 2492 desidera·

242 2552 311 2602 tur:
343 2542 383 2602 ei.
405 2540 473 2617 huj.
493 2540 556 2600 fab.
581 2538 608 2597 l.
629 2537 658 2597 3.
682 2536 712 2596 8.

280 2649 331 2707 Vs.
361 2649 390 2706 6.
425 2647 523 2707 Oreus
551 2644 688 2725 recipere
718 2641 839 2701 noluit:
868 2642 942 2703 inte.
970 2663 999 2704 o.
1028 2642 1207 2704 h.1.adde

241 2756 334 2814 Gron.
364 2752 397 2811 L.
427 2753 460 2811 P.
490 2770 520 2829 p.
550 2750 620 2811 258.
668 2748 782 2810 Eodem
800 2748 892 2811 modo
911 2749 1066 2826 Lucilius,
1098 2751 1215 2814 eitutus

240 2859 350 2919 Donat.
371 2856 411 2919 ed
430 2858 500 2917 Ter.
521 2856 645 2917 Phorm.
667 2856 696 2917 2.
718 2856 750 2917 3.
771 2856 826 2931 26,
857 2877 965 2918 eoreer
981 2858 1053 2939 (pro
1071 2879 1213 2922 eureste-

240 2964 319 3043 rio),
342 2965 396 3024 oia
415 2983 538 3023 earcere
558 2963 683 3043 diqnus.

280 3071 331 3133 Vs.
353 3074 382 3132 7.
413 3071 467 3151 qui
495 3073 624 3131 mortuis
651 3094 776 3135 eoeuom
798 3074 915 3156 eoquat.
955 3078 1073 3159 objicit
1091 3098 1211 3162 eoquo,

242 3198 307 3241 esse
326 3179 417 3239 illum
436 3178 590 3239 bustuarii
610 3180 742 3257 ordinis,
768 3184 905 3247 eulinam
918 3187 1104 3248 mortualem
1121 3207 1212 3268 egre·

242 3284 294 3365 gie
322 3286 506 3359 callentem,
546 3295 578 3345 et
605 3306 681 3368 prae
701 3290 814 3350 ceteris
838 3291 985 3354 idoneum
1004 3292 1044 3354 eti
1062 3293 1214 3372 parandus

243 3394 376 3455 struices
404 3392 475 3454 illas
502 3393 648 3468 escarius,
688 3416 768 3476 quae
796 3416 879 3458 nono
906 3407 976 3477 post
1001 3406 1135 3458 mortem
1159 3398 1212 3462 die

241 3499 397 3562 defunctis
411 3500 666 3581 apponebantur,
688 3502 1213 3581 quibusquenturnvisinsnlsaeut·

242 3629 305 3689 que
323 3609 467 3670 insuaves
486 3608 653 3689 displicere
671 3628 735 3671 non
753 3616 920 3689 poterant;
950 3608 1043 3687 qulue
1062 3626 1137 3669 vero
1155 3608 1212 3669 de·

240 3714 353 3777 lieatue
374 3724 471 3796 utque
491 3714 647 3795 ingenuae
665 3715 907 3797 haudquaquam
926 3715 1018 3776 illum
1036 3713 1215 3777 satisiueere

243 3842 334 3903 posse
354 3822 528 3903 signifieat:
547 3822 588 3884 ei.
610 3824 700 3885 Grut.
722 3823 761 3886 ad
779 3822 850 3885 tut.
872 3824 902 3885 2.
923 3824 953 3885 4.
975 3823 1028 3896 45,
1052 3821 1215 3907 nbiimpe·

242 3930 323 3991 ritus
351 3950 469 4011 coquus
496 3950 534 3995 or
554 3930 660 3994 eodem
680 3926 741 3997 isto
761 3950 875 3995 coenae
894 3930 1001 3996 foralis
1020 3948 1108 3994 more
1128 3950 1213 3993 osn-

246 4034 364 4097 tinette
384 4036 481 4098 audit.
