3275 5117
705 512 784 588 165

339 773 394 819 ιιι.
420 752 594 837 Responde
618 748 890 837 ebeeere'herele
915 748 977 815 hoe
999 772 1080 818 vero
1101 754 1213 836 serie,

973 866 1215 954 quodterego:

276 983 330 1045 95.
340 977 431 1054 Quid
463 977 596 1043 uteresl
630 974 793 1063 quantillo
827 990 963 1063 argento
997 990 1031 1043 te
1054 980 1218 1047 conduxit

1004 1090 1217 1159 Pseudolus?

336 1228 393 1271 rm.
418 1203 484 1279 Qui
497 1209 576 1272 istie
589 1203 822 1270 Pseudulu'etl
836 1225 892 1268 aa.
905 1203 1102 1289 Praeceptor
1114 1218 1191 1270 tune
1204 1253 1214 1285 ,

838 1320 897 1403 qui
909 1330 942 1380 te
953 1310 1036 1381 hene
1048 1315 1217 1383 fallaciam

338 1433 483 1511 Deerit,
499 1446 536 1498 nt
547 1432 693 1499 fallaciis
706 1430 784 1497 hine
796 1442 880 1495 atne
888 1429 1063 1497 mulierem
1074 1431 1216 1499 abduce·

1016 1558 1021 1567 ’
1148 1570 1216 1612 ree.

337 1682 394 1727 ιιι.
418 1658 523 1736 Quem
545 1674 581 1724 tu
599 1660 823 1738 Pseudolum,
850 1682 930 1746 quae
943 1660 1218 1746 tumihipraedi·

971 1796 1026 1839 eae
1038 1773 1190 1841 fallacias
1204 1775 1219 1838 l

337 1883 441 1960 Quem
454 1909 514 1972 ego
526 1887 691 1953 huminem
703 1886 831 1953 nulline
846 1886 969 1953 colaria
981 1891 1072 1954 novi.
1081 1888 1216 1955 nnNon

954 2018 990 2067 tu
1002 2005 1105 2069 istine
1116 2004 1189 2069 abia
1201 2002 1216 2067 i

320 2174 362 2225 95.
381 2176 495 2239 arpenti.
531 2176 572 2226 96.
591 2182 630 2224 eut
648 2176 805 2227 Pseudolus.

250 2336 282 2397 Ρ.
310 2356 342 2415 p.
370 2336 437 2396 267.
479 2336 659 2414 Ambiguum
677 2336 775 2413 igitur
792 2334 888 2393 habet
905 2333 1211 2413 interpretationem,

250 2441 377 2501 minime
401 2460 475 2501 rere
500 2442 698 2513 obscoenam,
734 2440 819 2516 quod
844 2439 914 2499 vult
928 2439 1043 2501 'Lamia
1093 2438 1217 2500 Frieam'

252 2547 358 2606 velunt
383 2546 463 2607 idem
492 2556 554 2617 est,
586 2546 670 2623 quod
696 2547 818 2605 duretam
844 2545 909 2605 illie
922 2548 1044 2627 prurit,
1075 2548 1216 2627 scapulae

249 2655 417 2735 pruriant,
448 2652 509 2711 ua.
534 2654 569 2724 2,
600 2654 634 2724 ι,
664 2655 703 2712 ιι
729 2661 761 2713 et
788 2653 869 2714 uem.
890 2654 922 2725 1,
946 2654 980 2725 1,
1001 2642 1067 2715 eri
1085 2655 1129 2714 ee
1145 2674 1215 2734 pa-

252 2760 318 2821 eim.
360 2762 469 2832 Senes,
501 2760 619 2836 inquit,
651 2760 758 2821 lrieari
787 2761 912 2835 volunt,
947 2762 968 2821 i.
995 2781 1023 2821 a.
1049 2761 1215 2841 indignan-

251 2866 298 2927 dis
322 2867 384 2927 saie
405 2866 526 2928 laeetiis
549 2866 636 2946 digni
662 2876 749 2938 sunt,
778 2868 835 2943 qui
861 2866 1025 2947 vapulent,
1054 2887 1125 2929 nam
1151 2868 1216 2928 illie

251 2972 373 3033 doraum
396 2973 521 3053 prurit:
556 2973 710 3034 frictionis
735 2982 839 3035 autem
863 2974 1051 3036 mentionem
1076 2975 1212 3048 iaciens,

249 3078 326 3155 quid
342 3079 438 3157 magis
454 3078 647 3151 Plautinum,
666 3098 759 3157 quam
775 3082 993 3160 praemittere:
1021 3084 1111 3143 aneti
1129 3092 1212 3142 aaut.

251 3185 328 3245 lliue
349 3193 417 3245 orta
440 3184 563 3245 videtur
588 3186 714 3247 locutio.
758 3186 904 3250 lambino
931 3190 1037 3250 lavent
1052 3190 1158 3252 etich.
1177 3192 1211 3263 5,

252 3294 288 3364 5,
316 3293 371 3363 20,
404 3301 436 3350 et
456 3291 565 3351 Baeeh.
591 3294 620 3353 5.
647 3294 675 3352 2.
702 3296 749 3355 75.
768 3328 809 3343 -
826 3317 863 3355 eu
879 3298 1007 3377 antipae
1022 3298 1090 3358 eeil.
1107 3316 1212 3357 more:

251 3398 294 3459 sie
316 3401 476 3478 antiquum
503 3399 655 3473 obtinere,
685 3420 823 3475 servare,
850 3422 908 3482 pro
929 3403 1133 3484 pertinaciter
1158 3421 1214 3461 an·

249 3507 370 3583 tiquam
401 3526 514 3567 morem
549 3515 581 3566 et
610 3508 768 3586 ingenium
801 3517 925 3581 tenere,
964 3507 1047 3587 apud
1070 3507 1214 3569 Plautum

250 3614 548 3691 frequentissimum:
584 3613 625 3699 el.
650 3616 758 3677 Donat.
786 3614 826 3675 ad
850 3612 929 3675 Ana.
949 3617 981 3688 l,
1011 3617 1047 3687 5,
1074 3614 1124 3673 22.

289 3722 340 3781 Vs.
359 3722 407 3781 99.
427 3744 513 3802 quem
531 3744 583 3803 epo
602 3724 752 3783 bominem
770 3732 848 3793 ete..
874 3739 966 3799 quem
984 3722 1051 3782 eeil.
1071 3730 1107 3780 tu
1123 3739 1214 3799 prae·

250 3829 348 3902 dicae,
373 3850 430 3910 ego
447 3831 602 3891 hominem
624 3840 683 3892 ete.
725 3832 768 3891 De
787 3830 947 3891 locutione
964 3830 1083 3889 nulline
1101 3827 1209 3887 eoloris

253 3935 385 4015 aliquem
404 3956 508 4011 uotae,
535 3937 608 3999 vide
625 3938 718 3999 etiam
735 3938 828 4000 lirun.
848 3938 881 3999 L.
900 3938 933 3997 P.
952 3958 982 4017 p.
1002 3938 1072 3999 268.
1091 3966 1130 3979 -
1150 3955 1215 3994 eeu

252 4049 286 4099 te
308 4044 403 4103 istinc
421 4043 503 4118 elie,
532 4065 589 4124 pro
606 4046 657 4109 abi
675 4046 780 4120 salita,
809 4044 958 4125 loquendi
976 4044 1124 4117 formula,
1152 4061 1215 4103 non
