3275 5117
856 482 936 561 150

476 722 543 790 Sed
554 723 631 810 quis
644 720 701 791 hio
712 721 810 791 homo
822 734 876 789 est
886 718 1132 808 chlamydatus!
1143 748 1200 795 ιιι.
1211 728 1289 799 Nou
1299 734 1379 802 ede·

408 954 465 1019 to.
477 948 558 1019 Nisi
572 961 608 1015 ut
619 949 833 1019 observemus
847 970 913 1039 quo
923 964 997 1033 eat,
1009 964 1068 1019 aut
1079 976 1175 1043 qaam
1189 843 1377 1049 ggii:

449 1179 499 1239 Vs.
528 1178 577 1241 33.
608 1176 839 1257 ollomydotss:
877 1175 1014 1257 ohlntnys
1042 1179 1172 1245 viatorio
1199 1185 1374 1249 vestisset:

410 1284 494 1367 qood
515 1286 581 1365 jem
598 1284 653 1347 din
670 1292 734 1357 est,
763 1302 834 1345 eom
851 1281 908 1347 elii
923 1282 1115 1353 doonernot:
1147 1288 1222 1354 hino
1239 1290 1378 1371 chlamy·

408 1394 512 1467 datos,
552 1391 607 1471 qui
631 1408 762 1471 peregre
780 1386 981 1463 advenirent,
1014 1392 1054 1453 ab
1071 1392 1184 1461 habitu
1200 1396 1268 1459 lere
1286 1417 1378 1461 vooa·

408 1502 502 1575 bout;
524 1500 614 1581 Peon.
634 1500 664 1559 3.
683 1498 714 1559 3.
733 1498 770 1557 6:
793 1496 835 1557 oi.
851 1497 996 1559 Gulielm.
1019 1501 1143 1579 Quaest.
1158 1502 1191 1563 in
1206 1503 1290 1565 Asin.
1308 1526 1336 1567 e.
1350 1508 1376 1567 l.

449 1608 498 1669 Vs.
519 1609 569 1671 to.
591 1606 657 1669 nisi
676 1614 720 1667 st.
761 1604 806 1667 Ile
834 1605 901 1665 sisi
925 1624 983 1687 pro
1002 1607 1072 1685 sed,
1102 1611 1287 1693 praesertim
1306 1622 1378 1693 post

414 1714 544 1775 verbum
564 1712 683 1785 neseio,
714 1710 766 1771 vel
786 1710 888 1771 simile
908 1712 1001 1793 quid,
1040 1714 1170 1779 vidend
1191 1717 1226 1789 l,
1251 1719 1286 1791 l,
1311 1718 1378 1783 105.

411 1821 449 1881 ln
478 1820 536 1885 teli
563 1818 795 1881 construetione
824 1817 983 1881 abundant
1010 1819 1077 1883 lere
1105 1840 1238 1905 sequeus
1265 1834 1302 1885 et
1330 1825 1379 1885 vel

409 1928 499 2007 quio,
540 1944 620 2007 quae
657 1934 760 1989 temen
798 1926 939 1988 oratione
965 1927 1000 1986 in
1029 1930 1186 2009 integrum
1213 1933 1376 2003 restituta,

413 2032 571 2095 commode
591 2031 740 2115 explicari
759 2041 898 2114 possunt.
939 2034 1001 2095 lloo
1020 2034 1091 2097 loeo
1109 2055 1141 2099 v.
1161 2057 1189 2098 o.
1210 2039 1255 2099 sio
1275 2039 1376 2119 legas:
1459 2085 1462 2096 ,

413 2162 477 2202 non
503 2140 608 2224 edepol
634 2142 714 2213 solo,
747 2139 802 2200 sod
827 2149 863 2199 ut
889 2140 1037 2214 sciamus,
1078 2140 1285 2217 observemus,
1318 2166 1376 2224 pso

410 2259 481 2310 eet:
510 2268 573 2311 non
598 2246 709 2329 edepol
734 2246 813 2320 seio,
845 2246 997 2327 quomodo
1022 2246 1119 2322 illud,
1151 2248 1222 2328 quis
1241 2248 1298 2309 ille
1316 2250 1372 2323 sit,

411 2356 523 2418 melius
542 2374 774 2437 cognoscamus,
800 2354 862 2417 nisi
881 2362 918 2415 ut
937 2354 1150 2418 observemus:
1172 2354 1227 2418 sed
1246 2354 1294 2415 nil
1312 2375 1379 2416 me·

413 2466 474 2527 lius
494 2474 541 2526 est
559 2464 663 2537 iaetu,
687 2462 749 2523 nisi
768 2471 805 2523 ut
824 2462 889 2523 obs.
911 2461 1008 2525 Stioh.
1032 2462 1068 2538 l,
1090 2462 1127 2541 3,
1152 2463 1209 2529 112
1234 2463 1379 2545 plenissi-

411 2592 461 2634 me
481 2572 616 2653 legitur:
639 2572 752 2646 miror,
775 2570 851 2651 quid
868 2570 943 2643 siet,
967 2571 1034 2629 siss'
1051 2566 1133 2649 (aad)
1152 2578 1188 2629 ut
1202 2571 1376 2653 periculam

404 2681 482 2759 fiet,
514 2681 613 2740 os'som
633 2679 709 2759 quid
726 2678 824 2739 velit:
857 2674 913 2736 ubi
930 2685 1003 2738 unte
1022 2677 1120 2735 seiros·
1137 2676 1315 2757 plenissime
1333 2687 1380 2737 est

410 2787 674 2868 distinguendum.
725 2784 812 2847 lleud
831 2784 925 2846 aliter
943 2783 1026 2845 iorto
1044 2783 1233 2865 explendum
1251 2786 1375 2845 notissi-

411 2912 496 2952 mum
522 2894 616 2952 sotio’
646 2902 698 2965 st,
738 2892 771 2951 in
801 2911 866 2973 quo
893 2892 1079 2971 majorosse
1098 2890 1224 2952 uidetur
1242 2891 1374 2973 ellipsis,

411 3001 501 3078 eujus
538 2998 802 3079 supplementum,
842 3018 940 3079 ιιιιιιιι
965 2996 1048 3079 apud
1076 3007 1199 3059 veteres
1227 3018 1377 3080 nusquam

412 3112 474 3178 est,
497 3104 572 3165 dere
591 3112 723 3165 conatur
737 3103 836 3164 loris.
856 3104 897 3167 ad
916 3106 1020 3167 Sanot.
1042 3104 1115 3166 ltin.
1138 3106 1191 3167 Ill.
1212 3106 1241 3167 2.
1262 3126 1294 3188 p.
1305 3106 1375 3167 ott.

411 3212 520 3273 Parum
541 3219 627 3271 oerte
646 3208 852 3286 satisfacient,
874 3212 1000 3292 opinor,
1023 3231 1104 3292 quae
1123 3211 1212 3274 dedit
1230 3212 1320 3274 Both.
1337 3212 1376 3275 ad

411 3318 521 3400 Aroph.
543 3319 611 3379 171.
629 3332 634 3343 ”
653 3318 797 3380 ceterum
825 3337 864 3380 ex
890 3319 1004 3382 februis
1031 3320 1133 3382 Plauti
1159 3329 1268 3400 patore
1288 3320 1376 3381 vide·

414 3436 483 3500 tur,
522 3427 615 3487 sntio'
646 3434 682 3486 et
709 3425 852 3506 plurimis
874 3427 951 3489 loeis
970 3446 1132 3509 perperam
1151 3426 1229 3486 lerri
1248 3445 1308 3506 pro
1327 3423 1378 3483 iu·

410 3534 589 3625 terrogandi
608 3533 757 3608 formula,
781 3554 853 3596 oum
872 3533 1048 3616 saepissime
1067 3532 1311 3611 indignationem
1325 3529 1378 3589 vel

410 3642 644 3704 admirationem
664 3641 792 3705 indicat.
834 3642 1023 3703 Titubantur
1041 3640 1108 3700 iere
1127 3638 1298 3700 editiones:
1334 3635 1375 3697 ol.

410 3750 496 3811 llost.
520 3749 553 3823 l,
588 3750 702 3825 1,73,
734 3759 766 3811 et
786 3748 908 3821 di1.t,
932 3748 968 3823 3,
993 3749 1039 3820 1.,
1073 3741 1375 3806 ubioumidema·

408 3857 459 3918 liis
479 3858 583 3919 verbis
602 3858 736 3932 dieitur,
759 3858 892 3919 altermn
912 3864 1033 3916 tantum
1046 3850 1268 3933 interrogando
1284 3850 1375 3911 oller-

410 3946 480 4025 ιιι-ε
520 3964 591 4025 viee
618 3966 711 4028 eoam
738 3965 800 4026 no.
831 3965 866 4037 ι,
900 3964 936 4036 ι,
969 3962 1027 4040 ιι,
1059 3961 1151 4022 uere.
1174 3960 1210 4034 ι,
1244 3960 1281 4032 ι,
1317 3958 1374 4035 1s·;

410 4070 506 4133 Stich.
532 4073 563 4144 l,
586 4073 622 4144 3,
657 4074 724 4135 ltt.
744 4073 831 4135 olibi.
