3275 5117
718 519 793 594 169

355 780 410 823 ur.
435 755 527 834 Quid
546 772 634 823 nune
658 760 802 826 faeiem?
825 780 884 826 ru.
910 760 950 825 Si
963 760 1048 827 milri
1060 766 1232 849 argentum

807 874 940 939 dederis
954 918 965 952 ,
979 887 1012 940 te
1024 877 1233 963 suspendite.

352 1008 407 1052 ss.
431 987 477 1053 Di
502 1002 535 1053 te
556 989 716 1075 perdant:
741 1011 881 1077 sequere
904 988 954 1055 sis
964 1010 1017 1055 me
1028 1012 1107 1077 ergo
1119 989 1181 1056 hee
1192 991 1234 1057 al

655 1106 764 1169 iorum
777 1148 787 1182 ,
801 1116 838 1167 ut
852 1101 991 1169 solvam.
1014 1125 1073 1168 rm.
1087 1101 1230 1191 Sequor.

267 1220 342 1287 1³0.
354 1235 410 1284 ns.
433 1216 544 1284 Hodie
556 1240 618 1305 ego
628 1220 822 1305 peregrinos
834 1214 1027 1293 absolvam,
1052 1238 1232 1306 oresegam

992 1351 1066 1395 eum
1084 1332 1230 1399 civibus.

335 1446 392 1497 130.
410 1446 477 1513 quid
492 1462 537 1512 eqo
550 1448 732 1513 pereprt'ooru.

265 1595 299 1655 in
318 1594 420 1656 Plauti
437 1595 550 1656 sabulis
567 1606 728 1675 arpentum
751 1596 953 1667 commodum,
982 1597 1085 1655 minoe
1103 1616 1231 1656 eorume-

265 1703 339 1773 dae,
378 1698 473 1779 (sient
500 1702 643 1763 Germani
671 1711 743 1781 pute
767 1700 939 1781 Oronten)
965 1709 998 1763 et
1010 1703 1147 1783 peronio
1168 1724 1231 1762 mo-

234 1884 235 1887 *
267 1808 335 1867 dieo
358 1826 484 1888 perram
509 1808 659 1888 pecuniae
684 1826 831 1867 summam
844 1816 960 1880 notat,
995 1817 1104 1868 eontra
1129 1808 1229 1870 libro·

265 1936 335 1975 rum
362 1916 498 1976 omnium
524 1934 705 1977 eonsensum
725 1914 807 1999 nihil
824 1914 1001 1976 novandum
1018 1934 1145 1987 censeo,
1176 1916 1231 1977 sed

264 2024 390 2083 modieis
413 2024 629 2103 explicandum
651 2024 735 2083 'satie
760 2022 860 2083 boeio.
900 2023 952 2083 Est
968 2042 1066 2101 genus
1082 2023 1230 2094 λιτότητος

264 2130 349 2191 hund
389 2131 558 2191 insolitum.
625 2131 712 2193 Idem
743 2130 870 2191 videtur
903 2130 1031 2191 sensisse
1067 2130 1229 2190 Gruterus.

264 2238 432 2299 Monstrum
449 2240 506 2301 ulit
522 2240 676 2301 Boxhorn.

274 2328 276 2333 '
304 2345 354 2407 vs.
386 2347 452 2407 129.
482 2347 523 2406 ae
543 2348 662 2425 forem.
709 2344 835 2405 neonus
855 2344 954 2406 modis
970 2344 1098 2407 romani
1122 2364 1226 2425 serva,-

260 2454 338 2513 bant
364 2454 543 2530 pecuniam,
573 2461 627 2512 unt
651 2452 684 2510 in
701 2470 788 2523 area,
818 2459 873 2510 snt
889 2450 924 2509 in
940 2470 1045 2512 mensa
1062 2451 1142 2531 apud
1161 2460 1226 2535 tre-

212 2588 215 2591 Δ
257 2558 405 2637 peritam,
436 2558 491 2635 qui
516 2558 550 2616 in
571 2557 639 2617 soro
657 2557 816 2617 tabernam
834 2556 970 2617 habebat
993 2558 1220 2637 argentariam

256 2664 381 2739 duoque
397 2664 470 2724 hino
486 2674 575 2725 erunt
590 2663 674 2725 modi
691 2662 845 2736 solvendi,
874 2680 985 2744 nempe
1002 2674 1057 2726 aut
1073 2684 1111 2724 ex
1127 2684 1216 2738 arou,

258 2780 312 2832 unt
332 2772 372 2831 de
394 2792 514 2849 mensa;
548 2783 584 2831 ot
602 2772 716 2831 soleam
733 2772 765 2831 h.
785 2772 808 2832 l.
828 2780 890 2845 est,
918 2772 1119 2852 atrapezita:
1145 2772 1225 2834 haee

258 2880 359 2942 omnia
393 2902 431 2941 ox
464 2881 606 2961 plurimis
638 2880 826 2942 comicorum
852 2879 929 2940 loeis
959 2879 1118 2941 notissima
1139 2890 1223 2941 sunt.

258 2988 364 3067 llegna
386 2987 547 3048 doctrinae
572 2988 660 3067 copie
677 2987 779 3048 locum
796 2987 836 3047 de
854 2988 1038 3067 argentariis
1054 3005 1224 3065 eorumque

255 3095 427 3157 rationibus
459 3096 664 3176 pertractarit
695 3096 788 3156 Gron.
817 3095 850 3156 L.
879 3096 912 3157 P.
939 3115 970 3175 p.
997 3096 1036 3157 37
1062 3112 1149 3175 sqq.:
1178 3094 1220 3156 ei.

256 3205 366 3265 Donat.
386 3204 425 3264 od
446 3206 515 3265 Ter.
537 3202 668 3282 Adelph.
690 3204 727 3276 2,
750 3204 786 3277 l,
812 3204 858 3265 13.

294 3312 345 3372 Vs.
377 3312 443 3373 130.
473 3310 572 3370 hodie.
609 3310 704 3372 nlulti
723 3310 778 3371 alii
796 3310 872 3370 libri
891 3311 953 3371 sio:
985 3310 1059 3372 Sim.
1084 3311 1168 3389 Quid
1185 3331 1219 3367 e-

255 3417 317 3498 qo?
346 3418 423 3478 Ball.
452 3417 638 3497 Pereprteoe
657 3426 717 3477 etc.
751 3416 840 3493 Quod
869 3417 1118 3497 anteponendum
1147 3434 1223 3475 een-

255 3544 322 3597 seo,
362 3525 516 3606 probante
545 3524 669 3597 Bothio,
715 3524 770 3604 qui
797 3524 842 3585 sio
871 3524 1116 3603 interpretatur:
1146 3523 1222 3607 quiet

155 3685 157 3689 ,
255 3632 332 3713 epo?
368 3633 435 3695 scil.
466 3653 571 3713 opem:
611 3632 687 3712 quid
713 3652 759 3691 me
782 3632 856 3711 fiet,
898 3639 929 3689 et
955 3630 1073 3709 eipiote'
1102 3629 1216 3702 ruinis,

254 3762 329 3821 quoe
356 3741 435 3801 milri
462 3739 573 3800 debeo?
601 3740 761 3819 vulgatum
790 3756 829 3798 ex
849 3735 1051 3817 oppositionis
1069 3735 1221 3797 affectui-

253 3868 313 3909 0ne
341 3859 443 3910 ortum
470 3848 605 3909 videtur.
632 3879 672 3894 -
698 3846 862 3907 Abroleere
889 3863 947 3926 pro
966 3843 1064 3904 soluto
1079 3845 1217 3925 peeoris

253 3956 423 4031 dimittere,
452 3956 475 4016 i.
496 3976 527 4037 q.
548 3964 700 4018 nostrates
721 3953 891 4035 ofhetolerr,
913 3951 999 4015 hund
1015 3950 1219 4031 infrequens:

253 4058 323 4120 vide
343 4062 434 4123 Briso.
455 4062 494 4123 de
513 4062 549 4123 V.
571 4062 601 4124 S.
622 4062 644 4123 i.
664 4082 694 4122 v.

1048 4172 1095 4233 22
