3275 5117
864 500 947 577 140

491 738 596 809 Manu
618 738 760 807 salutern
780 741 920 807 mittunt
940 736 1241 820 benevolentibuu

491 854 615 919 Eadem
635 850 755 917 melem
776 874 846 919 reru
867 853 1006 918 mittunt
1026 852 1318 923 malevolentibur.

427 973 480 1037 5⁰·
494 968 562 1035 set
583 980 620 1033 ut
639 948 827 1053 incepisti,
850 989 952 1055 perge
973 988 1105 1053 eperunt
1129 972 1340 1055 experirier‚

434 1107 436 1116 ·
488 1080 580 1159 Quid
603 1080 747 1168 epistole
767 1082 835 1146 itte
855 1093 980 1146 narret.
1013 1102 1070 1146 un.
1092 1080 1258 1148 Aueeultn
1278 1086 1392 1151 ruodo.

485 1196 626 1283 Harpax
647 1192 771 1262 celator
791 1216 885 1260 mene
909 1206 985 1273 eet,
1008 1194 1051 1259 ed
1075 1207 1107 1260 te
1130 1196 1190 1283 qui
1213 1200 1322 1263 uenit.

485 1310 581 1377 Tune
602 1312 634 1375 is
656 1332 693 1376 ee
717 1307 882 1395 Herpexi
906 1330 957 1373 rr.
980 1308 1053 1395 Ego
1075 1330 1173 1389 euru,
1198 1323 1297 1399 etque
1314 1314 1389 1397 ipre

1081 1423 1223 1513 Harpax
1234 1426 1381 1513 quidem.

487 1612 530 1664 58.
549 1618 613 1663 tenu
630 1626 658 1661 ee
677 1610 711 1664 B.
730 1636 762 1649 -
780 1610 852 1663 ebert
867 1618 955 1677 etque.

417 1812 519 1867 more,
557 1792 678 1853 ratione
705 1789 835 1871 egendi,
863 1809 954 1872 enepe
977 1792 1061 1873 epud
1076 1793 1209 1855 eominus
1226 1794 1385 1874 reperitur

415 1920 475 1963 vox
501 1899 689 1981 discipline:
726 1898 768 1959 ei.
792 1897 877 1959 Asin.
908 1899 936 1957 1.
962 1899 991 1959 3.
1018 1900 1078 1977 t93
1109 1900 1235 1963 fluunt.
1251 1900 1291 1962 etl
1310 1903 1379 1962 Ter.

310 2052 315 2065 .
415 2007 522 2067 unaue.
543 2006 579 2080 2,
602 2006 636 2079 3,
659 2005 708 2067 59.

453 2114 504 2173 Vs.
533 2114 582 2175 50.
603 2133 725 2195 opernm
742 2110 923 2195 opperirier.
966 2114 1042 2174 Cum
1061 2112 1164 2193 lipsio
1183 2123 1261 2194 puto
1279 2116 1379 2173 uerri·

412 2220 547 2301 gendum
564 2240 656 2303 opere
672 2222 859 2301 emoririer,
891 2239 972 2297 quae
989 2230 1036 2280 eet
1053 2220 1171 2281 locutio
1187 2221 1297 2281 Plauto
1314 2222 1380 2280 uei·

412 2337 490 2401 tnta,
514 2347 543 2388 v.
562 2348 590 2389 e.
611 2329 696 2408 cept.
715 2328 747 2401 2,
768 2328 802 2399 3,
825 2327 864 2388 65
881 2335 913 2386 et
929 2327 981 2399 69,
1002 2328 1087 2388 Trin.
1104 2329 1134 2389 i.
1156 2328 1183 2388 1.
1204 2329 1247 2399 7.,
1268 2326 1341 2387 eth.
1353 2327 1376 2387 1.

411 2436 599 2499 auctoritate
615 2434 691 2497 edit.
711 2434 817 2515 Steph.
836 2434 1026 2603 punfirmetn.
1064 2434 1163 2514 Perpe
1186 2454 1309 2516 operam
1323 2455 1377 2495 ee-

406 2544 545 2626 peririer
570 2544 636 2603 sere
662 2543 869 2623 significare:
899 2562 995 2623 perge
1011 2542 1115 2604 iecere
1130 2542 1378 2623 experimentum

409 2670 521 2731 operae
543 2660 631 2724 tuae,
663 2650 697 2709 iu
724 2650 856 2730 legende
875 2650 1007 2729 epistole
1021 2650 1155 2731 positae,
1183 2650 1274 2712 More.
1294 2651 1324 2711 i.
1343 2652 1375 2710 i.

409 2758 463 2831 29,
501 2767 533 2818 et
557 2758 592 2817 ni
615 2757 709 2817 fallor
726 2758 968 2837 intelligendum
984 2767 1066 2819 esset
1082 2758 1122 2817 de
1138 2758 1266 2831 lenone,
1295 2758 1376 2817 bene

407 2866 514 2943 legere
528 2864 706 2925 nesciente:
727 2876 836 2926 eontra
853 2886 944 2947 opere
960 2868 1147 2948 experirier,
1178 2867 1200 2927 i.
1219 2886 1248 2928 e.
1266 2867 1374 2946 legen·

408 2970 464 3043 do,
496 2970 664 3051 opponitur
690 2978 729 3049 τῷ
755 2972 928 3052 experirier
952 2972 1189 3052 interrogando,
1226 2972 1311 3052 quod
1326 2971 1374 3033 t'a-

407 3094 480 3139 cere
503 3076 663 3155 inceperet
687 3075 769 3137 leno.
821 3054 1015 3159 Syeephante
1041 3080 1124 3153 enim
1147 3088 1302 3153 metuens,
1332 3098 1372 3139 ne

405 3182 574 3256 titubaret,
621 3193 716 3263 etque
749 3183 906 3246 fallacinm
930 3186 1078 3267 proderet
1104 3186 1210 3247 lenoni
1234 3186 1371 3247 interro·

405 3291 493 3373 genti
519 3310 612 3372 super
627 3291 745 3365 milite,
778 3294 868 3372 eujus
884 3314 934 3354 ree
951 3314 1014 3355 neu
1030 3303 1175 3367 noverat,
1202 3301 1308 3353 mouet
1324 3295 1371 3353 le·

400 3392 530 3475 nouem,
562 3408 598 3460 ut
618 3417 711 3477 opera
729 3400 848 3482 potius,
878 3422 972 3484 quum
994 3401 1154 3463 auditione
1171 3401 1365 3481 experiatur,

400 3508 495 3589 quud·
510 3527 565 3569 sun
580 3507 660 3569 seire
681 3508 816 3571 intersit.

419 3616 489 3677 .Vs.
511 3617 560 3678 53.
582 3617 632 3679 Sic
650 3616 793 3677 Bothiue:
825 3618 897 3679 sim.
917 3617 983 3697 Epo
1000 3639 1077 3679 eum.
1108 3619 1173 3679 Bul.
1192 3615 1290 3700 Atque
1307 3619 1367 3678 itte

398 3724 525 3807 Harpen
541 3727 679 3805 quidem,
703 3727 757 3806 qui
774 3726 932 3807 epistolam
949 3734 1010 3787 ete.
1030 3728 1107 3789 heee
1124 3728 1224 3807 igitur
1240 3737 1367 3789 senteu-

397 3833 621 3914 tinprudiret:
654 3835 774 3915 Harpax
801 3834 921 3893 celator
937 3853 1023 3895 meus
1039 3826 1102 3908 est,
1133 3836 1177 3897 ed>
1190 3846 1222 3897 te
1239 3838 1296 3916 qui
1312 3855 1366 3896 ve·

396 3939 455 4000 nit.
506 3939 608 4021 Atque
633 3942 693 4001 iste
711 3942 830 4021 Harpax
850 3940 992 4020 quidem,
1024 3942 1081 4023 qui
1098 3943 1260 4024 epistolam
1277 3945 1366 4004 istem

393 4044 467 4117 sert,
499 4046 538 4109 ab
563 4028 600 4107 ro
615 4058 779 4125 argentum
795 4048 894 4129 ercipi
914 4049 994 4111 volo.
1025 4052 1135 4113 Parum
1154 4059 1285 4112 venuste
1304 4051 1365 4112 hoc
