3275 5117
880 516 934 593 26

488 754 644 824 Officium
665 768 813 823 vostrum
833 768 871 821 nt
891 777 952 822 vor
965 756 1191 850 maloeogatir
1203 783 1387 835 oerumone·

1308 902 1390 947 ruer.

438 1024 441 1031 ·
487 982 617 1073 Nempe
640 984 1031 1053 ituaniutatiestisvos:
1054 989 1392 1059 rinoitelroerluritia

1122 1122 1388 1193 ergoatquetuo.

485 1212 562 1279 Huc
573 1212 652 1280 viclo
663 1215 713 1279 sis
727 1257 738 1291 ,
761 1210 896 1280 utullus
907 1234 963 1280 rou
975 1229 1078 1303 agunt
1091 1238 1100 1283 r
1125 1216 1187 1284 hoe
1197 1221 1289 1306 agite
1302 1264 1314 1300 ,
1327 1219 1389 1287 lroe

433 1378 435 1387 ,
1040 1332 1188 1397 animum
1199 1331 1387 1401 advortite:

420 1448 474 1511 20.
485 1442 561 1511 llue
573 1442 729 1527 adhihete
742 1462 839 1507 aures
854 1486 865 1520 ,
890 1462 975 1531 quae
986 1464 1049 1530 ego
1061 1441 1181 1533 loquar
1193 1492 1204 1528 ,
1216 1444 1390 1535 plagigera

1071 1579 1193 1645 genera
1205 1560 1387 1629 hominum.

484 1668 661 1759 Nunquam
686 1666 804 1755 edepol
826 1681 976 1735 vostrum
1001 1670 1118 1737 durius
1142 1685 1271 1762 tergum
1295 1678 1387 1756 erit,

907 1786 1386 1871 quamtergiuumlroemeum.

485 1895 554 1972 Qut
566 1895 678 1963 uuuol
702 1892 861 1961 doletnoi
884 1894 982 1977 hem,
999 1897 1050 1963 sle
1063 1897 1161 1965 datur
1172 1944 1183 1979 ‚
1196 1900 1227 1965 si
1239 1903 1316 1989 quir
1328 1900 1387 1967 lue·

1033 2032 1107 2077 rum
1118 2033 1233 2079 servos
1245 2015 1386 2100 speruit.

445 2260 450 2269 ,
502 2209 542 2261 18.
561 2211 667 2261 uinum
683 2207 734 2259 loeo
749 2208 857 2259 deficio
874 2210 951 2274 terei.
986 2208 1030 2261 22.
1048 2208 1128 2261 dolet.

423 2379 428 2413 τ
455 2360 505 2422 Vs.
536 2362 582 2423 17.
610 2370 646 2420 stt
662 2380 715 2421 eor
731 2360 845 2440 nopotis
862 2359 1096 2433 commenarias,
1126 2380 1201 2443 pro:
1232 2374 1268 2427 ut
1285 2384 1379 2447 eogu-

414 2468 471 2543 tis,
501 2486 555 2530 vos
582 2467 769 2531 commoneri
793 2485 812 2528 a
837 2485 888 2527 me
909 2466 1002 2527 effieii
1019 2467 1137 2529 vestri:
1165 2488 1317 2552 perquam
1333 2472 1383 2532 in·

413 2575 515 2636 rolens
532 2574 741 2648 constructio,
764 2573 872 2655 quales
889 2571 951 2634 uisi
967 2572 1002 2633 iu
1018 2573 1240 2652 antiquissimis
1249 2580 1381 2659 scripto·

415 2681 518 2754 ribus,
550 2682 603 2741 vix
623 2682 769 2762 reperias.

455 2786 506 2847 lls.
529 2787 578 2847 to.
600 2806 726 2870 nempe:
746 2808 811 2849 uon
827 2789 988 2850 irridentis
997 2787 1246 2870 veliudiguantis
1255 2799 1302 2851 est
1310 2790 1380 2865 hio,

416 2901 453 2951 ut
467 2891 538 2953 vult
553 2891 659 2966 Both„
681 2892 735 2953 sed
753 2902 799 2953 est
815 2914 874 2974 pro
883 2915 1030 2977 nemque,
1054 2896 1138 2977 quod
1148 2916 1186 2957 ex
1196 2897 1381 2958 eodemsou·

415 3008 448 3060 te
469 2999 578 3060 lluxit:
604 2998 645 3059 of.
662 2998 716 3060 Ev.
736 2998 858 3061 Soheid.
878 3000 917 3062 ad
935 3003 1037 3063 Sanot.
1056 3000 1129 3062 lliu.
1149 3002 1175 3063 1.
1194 3004 1240 3065 18.
1258 3024 1290 3085 p.
1307 3004 1377 3065 247.

424 3174 426 3179 ,
454 3105 504 3165 Vs.
534 3105 583 3165 22.
615 3105 660 3165 sie
687 3105 799 3164 detur:
835 3106 969 3169 formula
995 3117 1043 3169 est
1060 3108 1284 3169 exsultantium
1306 3128 1381 3190 poe·

413 3231 531 3293 nosque
560 3212 600 3273 ab
625 3210 753 3273 inimico
774 3222 888 3283 sumtus
915 3232 981 3273 esse
1006 3214 1244 3294 gratulantium.
1290 3214 1381 3296 Apud

414 3322 485 3383 Ter.
513 3338 638 3401 quoque
665 3318 785 3399 saepius
811 3319 939 3399 legitur.
956 3352 998 3366 -
1015 3326 1071 3404 qai
1088 3340 1188 3393 auae,
1217 3320 1239 3381 i.
1257 3338 1289 3399 q.
1308 3321 1384 3400 quid

414 3448 516 3503 nuno,
549 3428 633 3509 quod
656 3426 802 3489 usitatius
819 3430 883 3502 es't,
912 3427 966 3488 hio
983 3447 1047 3489 non
1065 3436 1114 3489 est
1130 3427 1265 3489 formula
1281 3428 1381 3490 homi·

411 3538 461 3597 uis
486 3538 521 3597 in
544 3555 580 3596 re
603 3534 709 3597 subita
731 3537 936 3609 consternati,
964 3554 1132 3616 seuumque
1158 3536 1379 3611 deliberantis,

412 3645 494 3707 sieut
515 3643 605 3718 alibi,
632 3643 685 3704 sed
708 3642 741 3703 h.
767 3643 789 3703 l.
806 3652 839 3702 et
853 3642 949 3720 hujus
966 3642 1029 3706 fab.
1048 3643 1081 3716 5,
1104 3643 1142 3718 2,
1171 3644 1229 3718 29,
1257 3653 1305 3705 est
1322 3643 1381 3705 tri·

413 3752 606 3833 amphantis,
644 3760 677 3811 et
705 3750 765 3810 sibi
789 3748 830 3809 de
854 3768 1002 3829 prospero
1022 3768 1165 3811 successu
1187 3769 1300 3831 operae
1314 3751 1381 3813 eol·

410 3858 531 3921 looatae
548 3856 745 3938 gratulantis.

454 3965 505 4027 Vs.
525 3966 575 4027 27.
604 3970 659 4045 pri
678 3964 803 4024 minen:
820 3962 842 4024 i.
862 3981 890 4023 e.
911 3962 1015 4043 alique
1033 3983 1067 4022 re
1085 3964 1208 4025 ariam:
1228 3965 1270 4037 ei.
1288 3962 1380 4025 llere.

416 4073 445 4133 4.
465 4072 494 4131 6.
512 4072 549 4148 9;
578 4071 656 4133 llud.
675 4072 704 4132 3.
724 4072 753 4132 4.
772 4071 812 4159 31Ἰ
828 4080 862 4131 et
879 4072 908 4134 4.
927 4072 957 4169 3.
975 4071 1024 4133 81.
