3275 5117
848 498 903 575 66

458 760 509 805 rs.
532 736 656 806 Oeoisa
678 748 730 803 est
753 736 835 804 haee
856 759 934 817 ras,
958 736 1073 806 haeret
1093 738 1156 807 hoo
1172 746 1367 833 negotium:

462 852 537 931 Quo
558 856 594 919 in
617 865 833 919 commeatum
852 851 948 919 volui
970 857 1196 943 argentarium

402 973 456 1035 10.
469 966 672 1047 Proficisoi,
700 966 752 1031 ibi
773 986 861 1031 nuno
883 968 1005 1053 oppido
1026 968 1165 1057 obsepta
1186 986 1240 1039 est
1259 977 1330 1041 via.

469 1082 685 1148 Praesensit:
709 1079 800 1145 nihil
822 1093 875 1146 est
894 1082 1037 1167 praedae
1056 1072 1324 1170 praedatoribus.

470 1217 525 1263 ca.
538 1194 699 1261 Homines
713 1196 773 1281 qui
785 1206 941 1281 gestant,
966 1198 1092 1285 quique
1108 1200 1297 1269 auscultant
1308 1206 1375 1270 eri.

1258 1317 1373 1398 mina,

471 1424 512 1491 Si
535 1444 609 1491 meo
631 1422 795 1487 arbitratu
815 1418 943 1504 liceat,
966 1445 1079 1492 omnes
1100 1428 1291 1513 pendeant,

471 1538 632 1605 Gestores
655 1535 809 1624 linguis,
833 1538 1003 1605 auditores
1026 1540 1179 1608 auribus.

350 1732 353 1739 .
410 1652 561 1721 15.Nam
583 1654 689 1718 istaec
712 1674 796 1739 quae
819 1650 886 1717 tibi
907 1655 1168 1737 renunoiantor,
1191 1655 1303 1726 filium

419 1840 424 1859 Ξ
473 1768 524 1835 Te
545 1765 636 1835 valle
657 1778 818 1831 amantem
841 1779 982 1852 argento,
1001 1770 1273 1853 eirournduoera,

443 1953 446 1963 k
476 1883 630 1949 Forsitan
653 1904 692 1947 ea
714 1880 779 1946 tibi
803 1880 894 1945 diota
915 1893 994 1946 sunt
1014 1882 1201 1950 mendacia.

476 1996 544 2063 Sed
564 1998 596 2061 si
606 2016 686 2061 vera
696 2016 733 2060 ea
745 2007 847 2074 ιιιιιι,
870 2006 1087 2061 utnunomos
1099 2011 1176 2078 est,
1198 2018 1381 2080 maxume,

473 2108 564 2187 Quid
575 2110 696 2174 mirum
707 2106 810 2174 faciti
823 2107 903 2194 quid
915 2128 1035 2174 novum
1046 2109 1061 2173 i
1073 2108 1268 2177 adolescens
1282 2110 1378 2177 homo

414 2224 522 2293 ausi
543 2237 650 2303 amat,
675 2224 708 2289 ai
729 2224 869 2289 amicam
889 2218 1038 2288 liberati
1059 2242 1119 2289 rs.
1141 2222 1308 2311 Lepidum
1326 2245 1381 2291 se-

569 2348 574 2361 ·
1013 2328 1021 2343 ’
1284 2340 1380 2405 nemi

476 2478 519 2521 ar.
541 2452 652 2521 Vetus
676 2450 754 2519 nolo
773 2453 890 2519 faeiat.
921 2469 978 2515 oa.
1002 2449 1050 2517 At
1060 2451 1149 2517 enim
1159 2446 1381 2539 nequicquam

1255 2586 1378 2633 naras:

502 2740 543 2791 10.
562 2740 657 2804 oppido
675 2744 785 2805 opposta
802 2738 948 2791 obstrusio.
983 2737 1025 2790 15.
1043 2740 1107 2789 teto.
1145 2738 1185 2789 18.
1203 2735 1276 2789 abest
1290 2752 1357 2791 soor.

500 2833 545 2886 21.
563 2848 656 2883 oerum
672 2848 701 2883 ιι.
715 2834 743 2898 f.

460 2982 511 3045 Vs.
534 2984 582 3044 18.
603 2994 639 3042 ιιι
662 3001 748 3041 nono
770 3000 835 3041 moa
860 2993 921 3054 ιιι,
949 2992 1011 3044 eto.
1031 2982 1108 3043 ordo
1123 2979 1292 3043 verborum
1308 3000 1385 3043 oon·

420 3092 535 3153 fusior:
573 3090 618 3151 sio
643 3088 830 3167 redigenda:
866 3089 922 3151 aad
946 3090 973 3150 si
989 3110 1065 3151 vera
1081 3107 1118 3151 ea
1137 3096 1211 3150 sunt
1226 3108 1386 3162 maxume,

419 3198 496 3277 quid
513 3199 627 3258 mirum
644 3195 737 3269 iecit,
759 3205 797 3256 ut
813 3216 898 3257 nune
917 3216 983 3257 mos
1000 3206 1065 3268 eat,
1086 3204 1119 3254 et
1137 3190 1287 3256 saecula?
1309 3192 1389 3270 quid

423 3304 564 3367 novum?
589 3314 650 3365 oto.
693 3304 812 3385 Optimo
830 3304 906 3367 edit.
926 3304 1052 3385 steph,
1074 3302 1201 3363 favente
1225 3299 1278 3361 Gd.
1295 3298 1397 3383 Anadf,

488 3416 568 3475 *Sed
586 3434 622 3473 eo
635 3414 671 3473 ,ιὶ
690 3432 764 3473 vero
783 3424 874 3488 suot,
896 3424 932 3475 ιιι
952 3431 1038 3471 oona
1057 3419 1278 3477 coemuranae,

463 3522 513 3583 Vs.
535 3523 584 3582 21.
607 3530 693 3581 oetas
711 3520 780 3581 ooio
788 3523 904 3601 sociat.
944 3519 1055 3590 iiiiror,
1082 3512 1270 3575 Gronovium
1290 3510 1387 3568 intar-

421 3631 628 3712 pretationem
656 3627 789 3690 Acidalii
822 3627 1024 3708 improbasse,
1060 3639 1142 3698 quae
1164 3618 1243 3680 mihi
1265 3616 1393 3696 quidam

422 3738 474 3799 vel
497 3738 639 3819 inprimis
656 3736 799 3799 Plautina
817 3736 958 3796 ridetur:
993 3729 1120 3811 Galipho
1144 3726 1285 3787 dixerut:
1303 3722 1393 3801 ,quid

423 3865 538 3907 novum
556 3846 632 3907 saoit
649 3840 834 3905 Calidorus?
861 3850 951 3902 vetus
968 3846 1016 3899 est
1032 3834 1240 3907 consuetudo,
1270 3831 1392 3897 adoles.-

423 3962 530 4014 oentes
556 3970 658 4015 amare
683 3960 716 4012 et
732 3949 873 4012 scortari.
907 3948 998 4009 Pater
1013 3964 1091 4007 ,vero
1107 3964 1171 4005 non
1188 3943 1274 4016 ruit,
1303 3946 1394 4001 retus

423 4070 456 4121 et
474 4060 637 4138 antiquum
654 4060 714 4121 hoo
733 4058 815 4119 filius
833 4057 927 4121 faeiat
947 4076 1030 4118 suus.
