3275 5117
728 468 843 547 53·

329 714 466 783 Lenono
477 732 523 779 ex
534 708 689 779 Ballione
700 726 813 794 regem
825 706 994 773 Iasonem.
1029 728 1086 773 on·
1108 706 1235 773 Andin’

1093 820 1236 888 furcifer

259 948 316 1013 60.
329 939 422 1020 Quae
442 937 616 1028 loquitari
640 935 740 1003 eatin’
764 931 962 1023 magnificas
986 933 1053 999 tibi
1077 934 1234 1001 aaran

316 1072 319 1077 ·
986 1068 1038 1111 rs.
1061 1045 1125 1112 Pol
1136 1050 1229 1128 isto,

325 1170 438 1257 Atque
448 1168 549 1235 etiam
560 1160 740 1231 malificus.
765 1160 834 1228 Sed
845 1172 917 1226 tooc
928 1204 939 1239 ‚
952 1170 1056 1249 etque
1067 1160 1233 1229 honorem

1138 1298 1231 1359 gere.

324 1419 380 1463 cr·
408 1393 641 1463 Aeschrodoro
662 1404 721 1468 tn,
745 1410 831 1478 qaae
845 1392 969 1455 emicoe
982 1385 1160 1454 tibihebes
1182 1386 1231 1453 lo-

922 1524 1043 1569 nonum
1056 1500 1204 1567 aomnlos
1217 1549 1227 1583 ,

232 1600 236 1606 ι
322 1623 447 1693 Lentos
461 1668 472 1705 ,
496 1624 556 1711 qui
567 1624 648 1687 item
661 1624 699 1685 nt
713 1638 773 1686 not
780 1618 927 1705 jarunda
935 1622 1015 1706 jure
1026 1615 1113 1684 malo
1125 1640 1226 1706 qnae·

919 1743 995 1797 runt
1006 1753 1099 1810 rem,
1122 1732 1223 1799 andi:

343 1913 388 1965 63.
410 1912 482 1962 obeat
491 1910 621 1977 jurando.
642 1934 673 1947 -
688 1906 749 1957 cido
764 1920 812 1974 pro
829 1904 903 1955 cudi.
1024 1917 1027 1924 ’

298 2091 350 2151 Vs.
371 2090 420 2153 59.
443 2109 545 2171 royom
561 2087 725 2151 Iasonem:
744 2084 849 2145 Lamh.
869 2082 989 2146 mavult
1010 2082 1228 2144 chhorarnm

262 2208 409 2277 tyranno,
442 2217 535 2277 quam
564 2194 604 2255 tle
630 2195 809 2273 Argonauta
835 2191 995 2271 accipere:
1025 2200 1129 2266 recte,
1162 2191 1229 2272 opi·

263 2326 337 2381 nor,
376 2306 523 2386 quoniam
551 2302 657 2363 sabula
686 2302 820 2372 Graeca,
860 2317 899 2357 ex
927 2318 991 2378 qua
1018 2297 1146 2358 Plautus
1172 2298 1233 2360 hoc

262 2414 431 2493 expressit,
453 2413 538 2474 sorte
557 2411 673 2490 scripta
691 2407 754 2468 suit
773 2414 927 2484 regnante
945 2405 1157 2485 potentissimo
1174 2406 1232 2468 illo

261 2530 409 2601 tyranno,
440 2538 532 2600 quern
559 2514 743 2577 Timotheus
764 2512 895 2572 Athenis
920 2512 1056 2593 hospitio
1085 2514 1226 2593 excepit:

260 2628 336 2708 Nep.
366 2627 443 2687 Tim.
472 2624 502 2685 i.
543 2623 587 2682 De
607 2620 714 2681 eodem
733 2619 805 2679 vide
824 2619 916 2698 plura
935 2620 969 2679 in
988 2617 1128 2701 Xenoph.
1148 2620 1228 2681 Heli.

259 2734 312 2793 VI.
343 2734 373 2792 i.
403 2739 483 2791 extr.
513 2728 601 2789 Diod.
631 2728 691 2788 Sic.
713 2726 780 2789 Lib.
801 2727 871 2788 ΧΥ.Ι
884 2747 916 2807 p.
937 2728 1014 2801 3731,
1048 2738 1080 2788 ot
1100 2728 1134 2787 in
1153 2727 1226 2788 diss.

257 2837 362 2915 inaug.
384 2838 420 2895 de
437 2836 549 2896 Joooao
559 2834 711 2908 Pheraeo,
735 2844 863 2896 auctore
871 2834 964 2895 Leon.
974 2834 1149 2913 Hamming,
1173 2835 1225 2897 Tr.

258 2941 298 3005 ad
325 2942 424 3005 Rhen.
456 2941 544 3002 1828.
572 2974 613 2987 -
642 2942 807 3003 Ballione:
840 2943 935 3024 hujus
952 2941 1173 3022 improbissimi
1192 2950 1225 3001 et

258 3049 464 3132 perjurissimi
483 3048 604 3110 lenonis'
623 3049 673 3109 bis
693 3051 883 3113 mentionem
903 3051 982 3113 iacit
999 3051 1060 3112 Cio.
1079 3048 1112 3109 in
1126 3050 1226 3130 scrip-

260 3158 301 3221 tis
320 3157 402 3219 ouis:
433 3155 512 3218 Phil.
535 3156 577 3217 II.
600 3157 636 3231 6,
660 3166 693 3219 et
712 3178 769 3239 pro
789 3159 879 3220 Raso.
901 3155 982 3220 Gom.
1005 3160 1053 3232 7.,
1076 3158 1132 3217 ubi
1151 3158 1226 3218 Hot-

259 3274 422 3326 tornannus
459 3264 540 3324 hanc
576 3263 715 3325 fabulam
753 3274 928 3325 ceterarum
964 3264 1103 3325 omniu'm
1131 3262 1224 3325 facite

256 3371 431 3454 principem
458 3370 607 3433 declarat.
657 3370 696 3433 Et
722 3372 805 3452 aptid
824 3371 925 3452 ipsum
945 3372 1124 3432 Ciceronem
1143 3370 1228 3447 ejus·

256 3480 327 3541 dem
346 3479 484 3541 laudatio
504 3488 622 3541 exstat:
654 3494 725 3541 nem
745 3479 785 3541 de
804 3480 927 3541 Scaeot.
951 3479 989 3538 lt
1010 3479 1155 3539 Catonem
1175 3476 1225 3536 in-

256 3587 347 3648 ducit
381 3587 556 3649 dicentem:
610 3587 708 3666 Quam
742 3585 893 3667 qoudebot
920 3584 996 3643 bello
1025 3604 1080 3643 ouo
1108 3583 1230 3643 Punico

261 3694 421 3769 Naevium
450 3716 541 3775 qoam
566 3695 754 3755 Truculento
772 3692 922 3764 Plautus,
951 3697 1044 3770 qoam
1062 3688 1232 3749 Pseudolo!

267 3868 269 3873 ,
297 3802 348 3862 Vs.
370 3803 419 3863 63.
440 3804 579 3885 jocondo
593 3806 672 3883 Ιφἰινσ
693 3802 781 3862 maio.
824 3800 890 3861 Nisi
909 3797 1095 3860 vocabulum
1107 3799 1229 3879 joran·

259 3910 297 3971 aa
315 3910 368 3971 hic
387 3910 530 3991 accipere
549 3909 638 3972 malis
656 3929 715 3990 pro
733 3907 963 3991 jurejurando,
987 3904 1082 3965 sicuti
1102 3905 1174 3966 cist.
1196 3906 1226 3966 2.

263 4016 290 4073 l.
312 4016 368 4091 26,
399 4016 585 4095 gerandium
613 4026 660 4077 est
687 4016 778 4077 verbi
800 4016 936 4096 jurare:
964 4030 1037 4073 nam
1057 4014 1136 4094 jore
1164 4029 1227 4073 non

1091 4122 1112 4185 5
