3275 5117
491 780 541 823 sr.
568 757 788 825 Occasionem
810 759 1016 843 repperisti,
1037 756 1201 839 verbero,

426 874 479 939 10.
492 871 561 939 Ubi
581 874 788 960 perconteris
810 893 863 936 me
884 872 1024 937 insidiis
1047 871 1256 940 hostilibusi

490 984 581 1061 Quin
603 984 683 1049 hinc
705 985 860 1049 metimur
883 984 1041 1071 gradibus
1064 985 1255 1053 suiliteriis.

485 1120 536 1164 rs.
560 1098 672 1187 Atque
692 1095 835 1185 edepol,
859 1120 1045 1187 quenquam
1066 1101 1384 1187 nequumlsomoes,

1155 1228 1385 1282 rectemoues.

486 1326 538 1393 lte
559 1325 621 1393 hue
643 1322 804 1410 triumphi
826 1324 868 1389 ed
890 1324 1087 1392 cantharum
1107 1342 1199 1396 recte
1219 1332 1288 1395 viu.

490 1524 529 1573 10.
548 1524 579 1573 is
596 1522 707 1573 insidiis
723 1521 851 1573 testibus.
888 1524 928 1574 lu.
947 1524 1039 1589 deest,
1057 1532 1087 1577 ut
1104 1534 1131 1580 ct
1147 1529 1174 1579 iu
1191 1530 1279 1597 soeph.

417 1692 506 1764 dolo,
553 1690 626 1767 quie
650 1708 724 1766 prae
749 1698 836 1749 motu
861 1691 935 1752 inde
958 1694 1083 1756 volebat
1107 1697 1258 1778 uulugere
1283 1698 1381 1777 (seen.

420 1818 524 1880 pruee.
552 1818 596 1857 vs.
626 1798 694 1877 lot:
722 1805 832 1877 pectus
858 1808 962 1859 nutem
988 1822 1042 1863 eor
1058 1804 1194 1879 retudit,
1232 1807 1382 1888 impetum

416 1906 518 1968 cordis
534 1903 664 1968 retudit.
693 1904 876 1985 Oppspoors
895 1907 980 1968 valet
997 1909 1019 1968 i.
1036 1928 1068 1987 q.
1081 1915 1379 1995 pupeispsrcotsrs,

338 2090 340 2094 ,
417 2021 453 2073 ut
470 2014 533 2073 Cos.
552 2013 581 2071 2.
601 2012 631 2073 6.
648 2012 687 2072 60
702 2031 875 2093 oppupnure
892 2032 942 2085 os,
971 2032 1147 2097 propeque
1161 2038 1194 2076 cs
1209 2030 1379 2099 percutere.

457 2120 507 2181 Vs.
536 2119 565 2179 9.
594 2136 639 2195 sq.
668 2118 815 2207 Pseudolo
835 2117 910 2179 dnus
930 2119 985 2179 hos
1004 2139 1123 2193 versus,
1154 2124 1235 2182 mnle
1254 2126 1381 2185 videtur

415 2224 606 2288 intellexisse
632 2225 775 2286 Bothius:
805 2226 867 2285 imo
893 2233 929 2285 ut
948 2244 1032 2284 nunc
1051 2244 1084 2285 se
1102 2225 1236 2298 habent,
1266 2228 1378 2287 eximi·

415 2354 463 2397 um
492 2334 630 2416 produnt
659 2333 859 2404 sententiam,
893 2333 983 2393 modo
1011 2333 1232 2413 interrogando
1256 2354 1309 2395 eos
1327 2336 1375 2395 ei·

417 2435 508 2503 ierus.
560 2442 672 2502 Sensus
699 2450 763 2501 est:
802 2450 948 2520 putasne,
988 2441 1136 2513 verbero,
1167 2450 1375 2521 opportunum

417 2561 449 2612 te
468 2554 571 2612 locum
591 2550 778 2630 repperisse,
810 2548 866 2607 ubi
884 2567 934 2607 me
953 2548 1181 2628 percuncteris,
1211 2549 1284 2608 dum
1304 2550 1376 2611 hos-

417 2666 463 2717 tes
498 2654 712 2717 insidientur?
758 2654 837 2732 quin
871 2654 990 2733 mugnis
1024 2655 1163 2734 passibus
1189 2654 1276 2715 ubire
1302 2674 1375 2737 pro-

414 2784 567 2844 peremus.
622 2764 666 2823 lle
693 2762 754 2824 abl.
784 2764 914 2823 insidiis
939 2762 1097 2822 hostilibus
1115 2782 1173 2843 pro
1191 2764 1229 2821 ie
1247 2764 1378 2824 insidiis

415 2870 590 2943 hostilibus,
629 2869 679 2928 vel
714 2870 784 2928 dum
812 2870 912 2929 hostes
929 2870 1143 2944 insidientur,
1176 2871 1216 2931 ci.
1247 2870 1310 2933 tie.
1337 2872 1378 2931 de

416 2972 538 3036 Senect.
568 2976 622 3047 tt,
654 2974 709 3033 ubi
736 2976 805 3054 peri
831 2976 923 3036 modo
943 2975 1037 3050 lodis,
1069 2977 1182 3057 proin
1202 2976 1298 3050 lodis,
1326 2977 1378 3038 vel

414 3082 486 3141 dum
514 3081 580 3140 ludi
608 3079 795 3159 epotantes:
824 3082 916 3161 pluru
934 3082 1007 3142 vide
1026 3082 1168 3162 exemplu
1185 3082 1268 3163 upud
1287 3083 1374 3146 Itone.

413 3185 453 3248 ud
481 3186 543 3247 Cic.
572 3186 612 3247 sd
639 3186 706 3246 lliv.
735 3186 788 3247 vt.
820 3188 848 3247 l.
876 3198 910 3248 ct
929 3188 998 3248 v11.
1022 3190 1068 3249 18.
1110 3188 1200 3249 Nihil
1217 3199 1246 3248 te
1267 3190 1308 3249 sd
1326 3209 1373 3249 me

408 3306 516 3377 posteo
534 3294 694 3376 scripsisse
714 3294 863 3367 desniror,
882 3296 1068 3377 praesertim
1087 3304 1150 3355 tom
1166 3295 1255 3355 socie
1274 3296 1373 3355 relicte.

367 3480 369 3484 ,
453 3401 503 3463 Vs.
542 3400 589 3461 ll.
617 3402 760 3461 metimur
784 3402 931 3482 proditos
960 3402 1137 3476 militariis,
1175 3402 1242 3463 scil.
1272 3402 1371 3477 viam,

411 3529 471 3591 pro
488 3508 602 3591 praedi
620 3508 718 3588 produ
738 3508 878 3569 obimus:
897 3508 969 3569 vide
989 3509 1082 3570 Gron.
1103 3508 1135 3568 L.
1158 3511 1190 3570 Ρ.
1211 3530 1242 3590 p.
1259 3510 1318 3571 266
1326 3528 1372 3589 sq.

411 3618 470 3678 hoc
508 3616 655 3697 exemplis
690 3616 908 3678 illustrantem.
971 3615 1095 3675 Gradus
1132 3616 1282 3677 militares
1309 3636 1376 3678 esse

414 3742 556 3804 magnos,
598 3723 716 3785 evincit
743 3723 830 3803 Epid.
855 3724 881 3782 l.
905 3724 931 3782 l.
956 3723 1010 3795 ll,
1042 3722 1096 3781 ubi
1115 3742 1221 3783 servus
1239 3723 1279 3783 ed
1297 3742 1373 3783 cou-

409 3850 550 3903 servum,
583 3830 733 3892 umilitis
751 3830 913 3891 reducem:

449 3936 495 3996 m
504 3937 690 3997 immortales
698 3937 879 4018 infelicent,
901 3935 1372 4015 ettuesprudibsspiosdibss!

405 4050 440 4101 et
459 4061 548 4103 mox:
578 4044 658 4117 scio,
690 4055 719 4103 te
739 4064 804 4105 esse
825 4044 946 4124 quidem
967 4043 1118 4105 hominem
1137 4043 1314 4105 militarem.
