3275 5117
849 482 877 559 2

390 739 568 815 corrupta,
612 744 677 789 uon
698 724 831 789 minimi
851 725 1010 791 momenti
1031 738 1084 790 est
1106 728 1361 810 existimantis,

391 843 472 931 quia
505 839 588 905 haec
625 840 701 925 ipsu
734 860 795 905 nos
818 838 938 917 clucet,
983 836 1099 905 Plauti
1120 840 1252 909 fabulas
1274 848 1362 910 unti-

392 956 508 1044 quitus
532 952 697 1041 ejusmodi
719 950 998 1039 inscriptionibus
1019 974 1085 1019 nou
1098 956 1281 1038 carcine,
1314 960 1364 1025 si·

393 1072 464 1137 cuti
495 1075 582 1133 nune
617 1068 703 1134 haud
726 1071 801 1133 sine
823 1089 943 1155 mugno
964 1088 1044 1133 sane
1066 1068 1228 1135 historiae
1249 1071 1368 1139 litera·

396 1204 470 1249 rum
504 1182 702 1247 detrimento
724 1180 848 1246 iisdem
871 1180 1051 1247 destitutae
1073 1184 1366 1253 circumferuntur.

395 1294 583 1363 Dulcndutn
626 1316 706 1359 vero
738 1306 814 1373 est,
860 1294 990 1361 detecta
1023 1294 1124 1383 hujus
1159 1295 1364 1364 didascaliae

396 1410 544 1497 vestigia
566 1421 632 1473 tam
653 1404 744 1472 levia
766 1428 842 1473 esse
865 1420 898 1473 ct
921 1409 1073 1490 incerta,
1098 1423 1135 1475 ut
1156 1402 1366 1505 metuenduni

397 1525 468 1602 sit,
512 1544 554 1588 ne
586 1522 699 1609 potius
732 1521 768 1587 iu
803 1544 947 1588 errorem
978 1524 1161 1605 inducunt,
1207 1547 1303 1614 quum
1331 1529 1367 1591 in

396 1650 520 1707 rectam
542 1637 631 1701 viam
651 1656 712 1701 nos
734 1635 872 1701 sistant.

440 1750 535 1817 Haec
569 1763 677 1815 tamen
709 1752 856 1836 partim,
889 1753 1010 1837 purtim
1038 1756 1254 1841 sagacitatem
1275 1776 1369 1821 suam

398 1867 514 1932 (lucem
527 1876 660 1930 secutus
690 1862 855 1953 reliquias
869 1862 948 1930 illas
963 1868 999 1931 in
1013 1869 1180 1955 integrum
1192 1871 1372 1935 restituere

398 2000 580 2069 aggressus
604 1990 658 2044 cst
679 1978 767 2043 doct.
791 1978 1098 2061 Windischmann‚
1123 1981 1250 2048 iiheiu.
1272 1982 1369 2049 Mac.
1447 2056 1450 2061 ,

389 2094 460 2175 fiir
481 2092 582 2159 Phil.
606 2096 623 2159 l
646 2092 764 2181 Jahrg.
788 2098 805 2159 l
830 2092 915 2158 Heit
936 2116 971 2181 p.
994 2100 1080 2175 110,
1104 2097 1192 2184 quoti
1213 2119 1255 2162 an
1275 2119 1370 2184 prus·
1462 2176 1466 2183 ⁸

398 2230 478 2297 pere
511 2210 544 2274 ei
576 2210 745 2287 cesserit,
780 2208 817 2273 iu
848 2229 885 2272 re
920 2220 987 2274 tutu
1020 2208 1124 2275 dubia
1151 2213 1370 2296 pronunciare

399 2342 466 2392 nou
509 2321 626 2388 audeo.
691 2319 917 2409 Epigrapham
950 2343 995 2388 ex
1027 2328 1242 2410 conjectura,
1285 2322 1370 2391 Nie·
1445 2346 1454 2355 ’

400 2436 522 2503 huhrio
543 2435 704 2521 probata,
739 2437 790 2503 sic
814 2432 932 2520 explet
955 2449 989 2501 et
1010 2438 1186 2505 emendat:

447 2550 543 2637 (Tib.
567 2548 623 2617 el.
646 2548 827 2637 Asellus),
850 2548 901 2615 Μ.
923 2547 1073 2629 Juuius,
1096 2548 1149 2617 M.
1160 2548 1372 2629 Fil.Pcnus‚

407 2664 562 2753 (Aediles
584 2664 725 2749 plc)bis.
1069 2693 1074 2703 ’

449 2776 503 2844 De
535 2778 662 2843 duabus
696 2778 840 2867 reliquis
873 2782 988 2860 nutis,
1023 2802 1105 2867 quas
1127 2778 1242 2868 Majus
1263 2777 1376 2847 literis

408 2893 505 2959 uncis
539 2888 682 2954 inclusis
706 2890 861 2975 supplere
883 2905 1022 2959 cunutus
1046 2907 1122 2976 est,
1156 2896 1318 2963 incertum
1340 2916 1378 2959 se

409 3030 486 3075 esse
508 3007 633 3071 latetur
654 3004 708 3068 vin
729 3003 859 3069 ductus.

453 3118 582 3186 Horum
613 3130 723 3183 eutem
755 3116 928 3185 Aedilitas
969 3120 1092 3186 incidit
1127 3122 1162 3184 in
1197 3119 1242 3186 A.
1265 3118 1310 3183 U.
1336 3112 1378 3180 C.

406 3236 500 3313 ,550‚
534 3254 600 3321 quo
630 3253 737 3313 auno,
771 3244 857 3299 teste
888 3232 991 3299 Livio
1019 3228 1158 3297 XXIX.
1191 3232 1270 3304 11..
1304 3224 1378 3291 ludi

411 3347 540 3435 plebeJi
562 3347 688 3433 septies
710 3350 890 3415 instaurati
912 3349 1060 3413 fuerunt.

410 3778 455 3829 siis
471 3778 600 3843 cogitare,
623 3772 715 3840 quibus
731 3776 841 3837 quatuor
857 3770 1020 3824 ietcutiunus
1035 3785 1088 3821 nun
1106 3770 1142 3821 its
1158 3767 1204 3819 diu
1219 3770 1280 3835 poet
1296 3764 1382 3818 Plauti

161 3872 164 3876 ’
280 3890 283 3895 ’
413 3886 501 3925 aevum
524 3874 593 3921 uetus
617 3866 694 3919 tuisw
719 3864 849 3917 videmnus
875 3866 911 3916 ct.
942 3862 1014 3917 nien.
1039 3862 1115 3916 aum.
1139 3862 1234 3915 Gcsch.
1252 3862 1324 3913 Tum.
1342 3858 1384 3910 111

413 3982 440 4030 p.
466 3964 500 4016 49
523 3970 579 4016 nui.
605 3962 648 4016 72.
687 3962 800 4027 liugnam
822 3960 929 4039 llutmn
954 3958 1022 4011 euim
1049 3959 1108 4011 iude
1132 3959 1164 4009 ab
1189 3959 1221 4010 Δ.
1238 3958 1270 4009 ll.
1287 3957 1316 4007 G.
1334 3954 1383 4007 647

415 4062 507 4113 Remus
524 4058 617 4111 cultum
634 4054 710 4109 luisse
727 4054 852 4109 novimus.
