3275 5117
377 550 415 601 Ν
817 560 904 576 ·“·“··“

379 758 587 831 editionem,
620 749 751 817 ellel.
774 748 949 834 Stephano
982 768 1074 814 anno
1104 754 1195 821 ,i536
1221 757 1349 827 Paris.

380 878 561 948 caratam,
595 884 692 953 qnam
726 864 900 950 dacosque
931 884 952 926 a
987 868 1078 929 ciris
1099 866 1213 934 doctis
1236 876 1344 941 nihili

381 983 531 1051 habitam
544 1028 555 1061 ,
589 1002 631 1044 ac
647 999 760 1066 paene
784 979 973 1059 neplectern
984 975 1105 1055 foisse
1134 982 1348 1053 vehementer

381 1104 516 1171 miron
551 1094 639 1161 lanc
671 1097 857 1169 nimirum,
890 1096 929 1155 in
950 1091 1041 1157 Mem
1074 1105 1111 1159 et
1134 1098 1347 1184 reliqueram

382 1214 571 1281 editionum
595 1207 709 1275 tarbis
733 1218 771 1273 et
781 1208 1041 1291 discrepantia,
1066 1216 1264 1294 saepissime
1277 1218 1346 1281 lec·

383 1332 508 1393 tionem
536 1325 703 1409 plurimis
731 1331 905 1405 acceptam
928 1326 1022 1386 trieri
1044 1330 1211 1406 copnoci,
1255 1328 1349 1394 leand

383 1461 465 1505 raro
488 1457 616 1525 quoqne
641 1436 749 1499 solam
769 1433 1009 1513 exhibentem,
1034 1440 1125 1523 qnod
1135 1446 1345 1507 verissimam

385 1553 594 1625 cidelatar3
633 1560 737 1635 etqne
764 1554 818 1614 ita
842 1552 999 1635 quidem,
1033 1562 1076 1616 nt
1095 1555 1210 1635 palem
1232 1570 1322 1622 esset
1335 1606 1345 1637 ,

385 1690 454 1735 non
475 1691 497 1733 a
518 1664 695 1751 Steploano
718 1673 903 1744 nocetam,
949 1666 1011 1728 sed
1031 1686 1049 1727 c
1074 1666 1177 1732 libris
1198 1677 1347 1756 scriptis

384 1804 458 1850 esse
484 1786 638 1867 petitam
671 1779 735 1863 (1).
788 1776 938 1861 Saepius
969 1783 1133 1861 inprimis
1164 1790 1289 1849 secians
1310 1809 1348 1851 se

385 1900 548 1984 adjnnpit
574 1894 695 1961 Codici
716 1892 828 1957 Acad.
851 1891 964 1975 and.
986 1892 1089 1970 Bon,
1114 1917 1252 1980 qnocnm
1265 1902 1349 1979 sere

384 2016 590 2096 conspirat,
615 2005 813 2092 alicunque
835 2008 932 2070 selas
955 2008 1020 2071 ille
1041 2011 1185 2075 meliora
1201 2020 1347 2097 promit.

390 2125 507 2192 Codex
539 2127 633 2199 iste,
668 2124 766 2205 cnjus
800 2120 981 2185 tractandi
1014 2120 1156 2207 benipne
1189 2128 1348 2209 mihifa-

329 2246 331 2249 ’
385 2240 502 2305 cnltas
536 2236 619 2301 data
652 2246 730 2313 est,
756 2233 877 2313 forma
909 2240 1058 2299 monime
1090 2259 1200 2304 omnies
1222 2244 1352 2311 Planti

375 2352 525 2434 fabulas
557 2351 829 2435 complectitur,
864 2357 1012 2413 trancas
1047 2353 1221 2417 tamenab
1244 2362 1349 2423 initio

387 2479 425 2535 ct
444 2466 600 2547 infine,
634 2465 675 2529 de
697 2485 763 2551 qno
776 2466 853 2547 jam
876 2466 914 2527 in
936 2463 1055 2546 praef.
1076 2465 1244 2532 editionis
1266 2493 1348 2535 snae

351 2634 357 2644 .
387 2582 597 2647 Gronoriam
620 2580 755 2644 dimisse
778 2578 890 2642 video.
923 2577 1068 2664 Reliqui
1088 2577 1351 2651 dPlantiMrs.

387 2701 426 2762 in
458 2690 680 2760 Bibliotheca
714 2690 759 2757 L.
793 2692 837 2757 B.
869 2691 1074 2772 adservati,
1106 2716 1181 2760 cnm
1207 2705 1351 2783 priores

379 2804 627 2888 ferejalnlas
657 2802 849 2882 exhibent,
894 2809 933 2868 in
954 2806 1157 2875 adornando
1179 2812 1354 2883 Pseudolo

389 2921 473 2988 aiio·
496 2923 577 2983 neni
601 2937 667 2981 non
681 2916 852 2995 sacrant.

431 3033 566 3102 Horam
597 3040 711 3096 antem
742 3042 907 3096 accurate
938 3033 1223 3113 conserendorum
1244 3047 1350 3109 cidens

392 3156 469 3217 ciro
491 3149 606 3223 clam,
640 3150 793 3232 qaamsir
812 3157 898 3231 port
917 3154 1063 3234 optimos
1089 3151 1352 3221 Camerarianos

390 3266 451 3333 los
478 3262 596 3343 Jecile
630 3265 668 3325 in
691 3263 838 3327 seeundo
854 3269 977 3347 pretio
1010 3286 1084 3328 esse
1105 3272 1351 3350 existimanti,

383 3402 451 3469 per
474 3376 740 3461 trepidationem
763 3400 803 3442 ec
827 3380 1010 3444 tamroltam
1032 3389 1154 3462 coepto
1167 3384 1244 3463 jam
1268 3406 1346 3469 opa-

387 3518 450 3575 re,
468 3494 586 3580 prelis
606 3496 682 3558 sine
704 3498 962 3558 intermissione
984 3494 1218 3575 moventibus,
1243 3504 1350 3565 otiam

264 3608 267 3613 ’
388 3609 529 3690 defait,
564 3610 617 3669 ita
651 3616 692 3670 nt
725 3606 805 3670 inde
839 3628 860 3669 a
883 3606 1108 3684 Mercatore,
1143 3613 1181 3673 in
1204 3631 1269 3696 qao
1292 3614 1348 3678 dc.

420 3911 458 3979 (l)
479 3915 594 3963 Fortasse
617 3928 647 3961 cx
670 3910 844 3974 antiquissimo
861 3912 906 3959 iilo
923 3912 968 3976 qui
985 3912 1086 3963 Parisiis
1103 3912 1248 3963 adservatur
1263 3916 1354 3981 cujus-

385 4022 435 4073 que
459 4006 551 4056 auxilio
576 4007 603 4056 in
620 4004 762 4073 adpetenda
778 4006 864 4055 Plauti
880 4007 991 4057 editione
1008 4008 1048 4056 uti
1064 4024 1115 4057 nnn
1132 4008 1249 4069 licuisse,
1276 4009 1354 4058 velie,

384 4106 485 4154 menter
501 4100 571 4149 dolet
589 4102 694 4152 Boihiuo
710 4102 793 4153 Praei.
813 4120 838 4167 p.
860 4102 900 4153 ll.
919 4131 948 4141 -
