3275 5117
732 498 757 571 7

328 739 475 807 Eundem
497 736 620 819 miles,
644 740 704 829 qni
725 740 851 827 viginti
872 738 1044 806 mulierem

331 854 440 922 Minis
462 866 625 919 mercatus
649 853 759 932 abiit,
783 851 930 919 obsolvit
951 851 1157 940 quindecim.

267 976 298 1037 b.
332 970 483 1036 Scortum
503 967 643 1055 reliquit
664 968 706 1032 ed
728 965 880 1033 lenonem
901 988 939 1031 nc
961 966 1167 1053 symbolum:

330 1082 401 1163 Ut,
426 1086 484 1171 qui
507 1081 678 1149 attulisset
700 1084 833 1169 signum
855 1079 969 1146 simile
990 1095 1100 1147 cetero

332 1198 415 1265 Cum
438 1200 569 1285 pretio,
594 1196 876 1263 secnmnveheret
895 1207 1036 1282 emptum
1046 1194 1234 1261 mulierem.
1348 1225 1351 1226 ⁷

332 1312 415 1379 Mox
425 1314 551 1377 missus
574 1312 615 1376 ad
636 1309 925 1397 praehendendum
947 1306 1231 1386 scortn’amilite‚

331 1428 439 1493 Venit
460 1425 584 1493 calator
604 1424 779 1491 militaris.
823 1424 922 1489 Hunc
943 1421 1082 1487 artibus

268 1544 321 1605 10.
334 1539 541 1627 Adgreditur
562 1537 787 1604 adulescentis
809 1559 928 1604 servus
950 1533 1136 1614 scedulus,

331 1652 514 1741 Tamquam
534 1651 665 1719 lenonis
688 1654 860 1719 atriensis.
906 1649 1099 1737 Symbolum

332 1768 467 1834 Aufert.
510 1766 623 1835 Minas
646 1770 792 1855 quinque
813 1777 965 1852 acceptes
984 1778 1117 1830 mutuas

332 1881 399 1947 Dat
421 1881 605 1949 subditicio
626 1880 760 1950 coculae
781 1902 856 1949 cnm
877 1879 1038 1966 symbolo.

309 2109 470 2169 Calidorus
487 2110 666 2170 adulescens
684 2120 816 2170 scortum
834 2108 1038 2169 Phoenicium

202 2279 203 2282 ,
307 2217 357 2276 Vs.
378 2218 407 2278 l.
428 2216 526 2277 obiit:
555 2220 664 2279 Osann.
685 2215 872 2287 cremabit,
902 2216 1052 2277 suadente
1071 2223 1181 2277 metro.

308 2325 358 2385 Vs.
379 2326 408 2385 8.
439 2326 480 2384 od
493 2324 780 2406 praebcudeudura:
802 2323 855 2383 Cd.
876 2321 1014 2382 Ambros.
1036 2322 1227 2403 adpraehen-

269 2433 329 2504 dit,
359 2432 443 2513 quod
463 2432 539 2491 locri
559 2451 621 2492 non
640 2438 753 2509 potest.
795 2428 887 2489 Forte
905 2427 1056 2507 scriptum
1080 2428 1157 2488 suit:
1188 2429 1230 2487 ad

264 2540 448 2619 petendam,
479 2538 530 2597 vel
550 2539 591 2596 ad
611 2538 818 2618 repetendum.
890 2575 894 2578 -
970 2580 974 2588 .
1048 2576 1052 2584 -

307 2646 358 2705 Vs.
393 2644 422 2704 9.
455 2645 588 2715 artibus,
636 2642 752 2703 rationi
783 2641 932 2703 metricae
958 2642 1070 2705 melius
1096 2645 1232 2705 consulit

269 2750 355 2809 dolis.
391 2782 432 2793 -
470 2750 529 2809 Pro
559 2748 704 2808 seudalus
752 2747 918 2829 legendum
953 2769 1019 2809 esse
1055 2749 1230 2811 Pseudolus

203 2892 204 2906 .
266 2855 317 2914 vel
337 2854 521 2927 Pseudolus,
553 2873 643 2915 nemo
663 2875 725 2915 non
745 2857 849 2920 videt:
879 2858 1024 2919 similiter
1041 2878 1135 2919 versu
1155 2860 1202 2921 15.

307 2960 357 3021 Vs.
381 2962 427 3020 12.
457 2963 575 3040 aufert,
606 2962 659 3024 ud.
689 2965 799 3045 adfert.
835 2966 969 3047 Contigit
997 2968 1108 3029 Osann.
1133 2967 1225 3031 Ansl.

270 3068 345 3129 Grit.
372 3090 403 3149 p.
424 3070 502 3130 217:
1016 3074 1191 3155 Symbolum

195 3250 199 3259 .
307 3176 432 3255 Adfert,
461 3178 620 3257 ruinasque
646 3180 779 3260 quiaque
796 3193 932 3264 acceptos
948 3192 1071 3242 mutuas

266 3284 368 3345 omnia
388 3283 463 3344 dans
482 3284 628 3355 delatori:
653 3301 760 3346 verum
779 3286 824 3353 sic
843 3288 1019 3362 aliudcxit,
1042 3308 1136 3369 qnam
1144 3289 1229 3370 quod

266 3391 300 3451 in
329 3391 435 3452 sabula
461 3390 596 3471 legitur:
631 3412 694 3463 non
719 3394 957 3469 miraculator,
988 3395 1043 3455 sed
1060 3396 1229 3457 Pseudolus

265 3506 411 3559 mutuum
429 3509 591 3581 acceperut
609 3501 791 3581 pecuniam:
822 3502 864 3563 cl.
884 3502 920 3574 2,
944 3502 979 3575 i,
1001 3502 1040 3562 l2
1059 3522 1126 3583 sqq.
1166 3501 1231 3561 Lu·

265 3606 342 3668 bens
360 3606 475 3687 arripio
494 3608 670 3688 minasque,
694 3617 731 3669 ut
747 3609 870 3669 numeri
885 3608 1092 3670 restituantur
1106 3610 1229 3687 vmani3

265 3712 370 3771 malim
390 3721 492 3773 temon
513 3722 583 3795 post
599 3715 744 3778 scudulas
759 3715 937 3798 plenissime
955 3715 1162 3797 distmguorc,
1193 3725 1229 3775 ut

265 3817 420 3878 sententia
437 3818 581 3902 deinceps
599 3820 644 3882 sic
659 3821 826 3886 decurtate

309 3924 473 4005 Tanquam
491 3926 612 3989 leuouis
628 3929 778 3992 otrieasie
795 3930 963 4011 symbolum

304 4031 416 4110 Aufert
427 4056 439 4112 ,·
463 4037 622 4117 mimasque
639 4044 700 4101 otc.
775 4097 778 4101 ,
826 4116 831 4121 .
