3275 5117
700 539 782 615 109

319 805 372 849 rs.
393 782 523 871 Ecquid
536 794 673 869 argutus
686 777 765 847 arti
787 798 846 845 cn.
861 776 1028 847 Malorum
1039 782 1225 853 facinorum

1005 899 1225 983 saepissume.

324 1034 375 1077 ns.
400 1010 512 1092 Quid,
532 1032 607 1077 cum
619 1010 799 1077 manifesto
810 1008 966 1075 tenetur?
998 1033 1058 1077 ca.
1080 1011 1226 1103 Anguii·
1311 1072 1316 1080 .

952 1122 1055 1206 la'st,
1070 1126 1227 1195 elabitur.

324 1264 375 1307 es.
398 1240 531 1329 Ecquid
542 1242 574 1307 is
588 1240 685 1307 homo
697 1239 805 1305 scitur
818 1237 895 1304 esti
928 1261 986 1305 cn.
1008 1238 1230 1308 Plebiscitum

950 1357 1225 1421 nonertscitins.

325 1492 376 1537 rs.
400 1470 528 1535 Probus
552 1469 648 1538 homo
669 1478 745 1548 cst,
780 1480 818 1533 ut
841 1467 1034 1555 praedicare
1060 1481 1094 1535 tc
1114 1470 1227 1539 undio.
1258 1505 1261 1509 Δ

869 1600 928 1647 cn.
952 1582 1056 1648 Immo
1066 1584 1098 1648 si
1112 1586 1202 1651 scias
1216 1632 1226 1667 ,

261 1705 318 1768 60.
329 1697 400 1765 Ubi
422 1712 455 1765 te
466 1700 665 1787 aspexerit,
688 1696 838 1765 narrabit
848 1694 936 1763 ultro
947 1698 1028 1785 quid
1041 1720 1116 1767 sese
1128 1699 1228 1767 rclis.

328 1814 394 1879 Sed
406 1814 489 1903 quid
501 1836 537 1881 es
550 1811 712 1879 acturust
747 1832 800 1879 ns.
823 1810 967 1894 Dicam,
991 1812 1228 1883 ubihorninem

999 1948 1227 2001 exornavere.

329 2043 555 2110 Subditicinm
577 2041 654 2109 fieri
667 2062 729 2131 ego
742 2040 841 2106 illum
851 2038 974 2106 militis
988 2063 1117 2108 servom
1128 2040 1204 2108 volo
1217 2067 1226 2110 ε

220 2210 223 2215 v
328 2156 521 2243 Symbolum
532 2157 619 2225 hunc
630 2158 718 2224 ferat
728 2156 842 2223 lenoni
855 2176 930 2223 oum
940 2157 1087 2245 quinque
1098 2161 1231 2247 argenti

1103 2274 1228 2356 minis,

324 2386 504 2459 Mulierem
526 2388 567 2453 ab
592 2386 711 2457 lenone
731 2384 887 2451 abducat.
920 2384 1008 2453 Hem
1026 2386 1093 2452 tibi
1103 2408 1229 2452 omnem

1067 2499 1227 2568 fabulum.

260 2616 315 2684 65.
329 2612 484 2681 Ceterum
497 2636 562 2701 quo
575 2615 717 2701 quinquo
726 2626 824 2700 pacto
840 2614 968 2697 faciut,
992 2616 1062 2702 ipsi
1072 2616 1208 2683 dixero.

324 2744 383 2791 nn.
407 2726 498 2801 Quid
508 2747 595 2790 nunc
607 2728 714 2814 igitur
725 2728 878 2794 stamusi
899 2751 951 2795 ns.
964 2730 1143 2798 Hominem
1153 2754 1231 2808 cum

853 2849 1057 2913 ornamentis
1074 2846 1233 2917 omnibus

347 3012 391 3063 58.
410 3020 449 3063 cat
465 3014 569 3065 scituri
587 3016 634 3067 Ch.
647 3033 677 3083 p.
695 3032 751 3069 nort
766 3033 850 3083 neque
866 3021 963 3069 scitum
981 3026 1031 3073 ert.

344 3107 387 3158 60.
405 3108 471 3172 qnid
486 3123 541 3156 esca
558 3109 635 3178 nelicp
668 3110 711 3162 64.
729 3114 855 3165 adducat.

302 3257 351 3317 Vs.
381 3258 429 3319 56.
460 3268 611 3337 orqntnc:
641 3261 734 3339 jocus
762 3262 796 3321 in
820 3263 940 3345 duplici
966 3266 1055 3327 verbi
1081 3266 1208 3339 notione
1217 3310 1230 3340 ,‚

259 3366 439 3444 inponimus
457 3374 490 3425 et
507 3368 675 3429 conuictus.

301 3472 350 3532 Vs.
389 3474 437 3533 60.
475 3473 552 3550 quid
575 3496 640 3534 cecc
656 3474 751 3548 ociis,
778 3476 858 3537 seii.
886 3496 997 3556 agore:
1050 3480 1130 3539 Cave
1157 3496 1229 3539 οπο-1

258 3578 327 3653 dns,
347 3598 415 3641 csso
431 3580 512 3653 abl„
541 3581 706 3643 intellecto
722 3583 760 3643 da
777 3582 830 3643 vol
845 3602 905 3643 cs:
932 3582 1069 3645 ablativo
1080 3582 1228 3661 junctum

257 3686 385 3763 quidem
409 3688 497 3749 vidos
519 3689 650 3750 verbum
676 3690 754 3751 nollo
769 3689 848 3751 ileu}
866 3690 895 3753 2.
917 3690 945 3755 l.
964 3690 1021 3752 tl:
1049 3689 1103 3750 scd
1120 3689 1167 3749 ibi
1182 3689 1227 3753 sic

258 3792 446 3872 explendus:
483 3796 560 3875 qnid
585 3797 622 3855 dc
645 3816 679 3856 eo
706 3799 755 3858 oie
770 3800 898 3877 succro,
929 3815 1011 3875 quae
1035 3796 1229 3859 constructio

195 3946 198 3952 .
256 3898 506 3977 frequentissimo
523 3904 604 3984 apud
620 3904 767 3969 Plautum
785 3905 907 3969 obvium
922 3904 970 3965 fir.

297 4006 347 4069 Vs.
362 4008 412 4070 66.
437 4012 648 4072 ornamentis:
676 4013 815 4094 suspicor
831 4012 940 4073 iudum
957 4012 1058 4073 inesco
1074 4009 1151 4072 huie
1168 4028 1222 4071 vo-

257 4110 384 4188 cabulo,
424 4117 509 4193 quod
535 4127 597 4179 tam
624 4119 665 4181 de
690 4121 828 4186 vestibus
852 4115 992 4202 (proprio
1008 4117 1175 4181 muliorum
1192 4127 1226 4194 et
