3275 5117
879 499 930 575 t8

478 768 484 777 ·
516 765 568 811 rs.
593 740 679 819 Quis
692 738 777 805 mibi
789 738 895 823 igitur
906 735 1092 804 draebmam
1106 739 1239 823 reddet,
1251 744 1283 808 si
1295 743 1395 811 dede·

1227 858 1395 924 rimtitit

437 964 576 1039 ·90.'An
598 982 634 1035 tu
657 980 690 1033 te
712 988 750 1032 ea
770 968 893 1031 'caussa
913 966 968 1031 vis
992 968 1104 1033 sciens
1128 971 1355 1056 suspendere,

518 1082 566 1153 Ut
587 1103 639 1147 me
661 1079 837 1145 defraudes
860 1076 1038 1158 drachma,
1061 1082 1093 1145 si
1114 1080 1261 1147 dederim
1284 1084 1348 1149 tibi
1361 1084 1386 1163 t,

518 1219 573 1263 ca.
597 1195 752 1262 Proiecto
774 1190 868 1257 nullu
888 1204 985 1279 paeto
1005 1214 1141 1279 possum
1162 1198 1302 1276 vivere,

520 1311 560 1377 Si
580 1307 644 1374 illa
664 1330 684 1373 a
703 1328 756 1372 me
778 1303 986 1373 abalienatur
1006 1320 1106 1395 utque
1127 1308 1315 1375 abducitur.

520 1446 571 1491 rs.
596 1420 686 1499 Quid
698 1419 784 1500 fles,
808 1419 951 1487 eucnlel
973 1422 1082 1487 vives.
1103 1441 1159 1488 cs.
1183 1421 1347 1514 Quidego
1363 1428 1400 1491 ni

1275 1538 1397 1606 fleaml

441 1650 588 1721 'uacui
609 1670 670 1715 neu
690 1662 826 1736 paratus
848 1669 999 1719 nummus
1021 1653 1153 1737 argenti
1175 1653 1268 1732 siet,

520 1763 638 1853 Neque
660 1749 720 1829 rui
741 1760 880 1828 libellae
905 1783 982 1848 spes
1005 1762 1053 1826 sit
1075 1784 1216 1850 usquam
1239 1766 1399 1851 gentium.

524 1901 574 1944 rs.
597 1876 646 1943 Ut
666 1875 840 1943 literarum
862 1896 923 1962 ego
944 1871 1061 1939 barum
1083 1896 1266 1941 sermonem
1284 1876 1401 1956 audio,

523 1990 606 2060 Nisi
628 2004 664 2056 tu
686 1987 744 2053 illi
766 1986 933 2053 drachmis
955 1987 1093 2054 fleveris
1115 1991 1309 2075 argenteis,
1437 2013 1441 2020 ·

525 2104 623 2184 Quod
645 2117 682 2169 tu
704 2104 784 2167 istis
807 2081 966 2167 ladrumis
988 2114 1022 2167 te
1043 2100 1182 2187 probare
1200 2092 1375 2189 postulas,

441 2218 602 2289 100.Nun
616 2214 725 2304 pluris
738 2216 865 2294 refert,
888 2234 986 2303 quam
1008 2216 1041 2280 si
1061 2213 1246 2281 imitemin
1258 2216 1404 2283 cribrum

1152 2385 1158 2395 .
1291 2352 1401 2417 geras.

523 2450 650 2516 Verum
663 2468 724 2535 ego
736 2457 769 2511 te
780 2454 942 2509 amantem
955 2486 965 2524 ,
989 2462 1031 2509 ne
1040 2462 1125 2529 pave
1138 2488 1149 2522 ,
1167 2463 1233 2510 non
1242 2443 1403 2511 deseram.

525 2620 567 2673 96.
593 2633 677 2687 nsque
694 2617 788 2670 baisse
803 2615 864 2683 spes
879 2616 925 2666 sit.

482 2766 532 2827 Va.
555 2768 604 2827 96.
636 2765 738 2826 libella
758 2765 779 2825 i.
800 2784 833 2845 q.
855 2763 936 2823 libra
956 2773 989 2824 et
1008 2785 1059 2840 us,
1091 2774 1170 2827 teste
1189 2768 1304 2843 Plinio,
1328 2769 1403 2830 llist.

443 2876 513 2937 Nat.
542 2871 686 2945 XXXIII,
720 2872 767 2931 13.
816 2870 998 2952 Antiquitas
1024 2872 1119 2935 etiam
1144 2873 1190 2935 siu
1217 2874 1406 2955 Interpreta-

441 2980 559 3041 bantnr
577 2978 682 3040 Ionum
702 2978 764 3039 Ciu.
786 2976 823 3038 ad
844 2976 910 3037 Att.
932 2978 1008 3053 vll,
1031 2980 1065 3039 2:
1079 2983 1163 3060 seuit
1176 2981 1282 3063 pulum
1300 2992 1329 3041 ts
1338 2980 1407 3062 (bs-

442 3084 560 3169 sedem)
588 3104 626 3145 su
654 3084 772 3156 libella,
800 3104 847 3143 me
875 3104 913 3144 es
940 3088 1095 3148 ternario:
1129 3089 1214 3169 quod
1228 3091 1295 3168 jam
1313 3108 1408 3168 repn·
1474 3069 1481 3079 ’

321 3236 324 3249 ,
443 3193 563 3257 dietum
588 3200 636 3254 est
655 3211 674 3253 a
694 3193 785 3254 Grau.
808 3190 848 3251 da
867 3193 937 3253 Pes.
959 3192 1027 3253 Vet.
1049 3215 1080 3273 p.
1103 3196 1159 3267 55,
1191 3203 1224 3253 et
1243 3195 1406 3291 2100sqq„

403 3304 406 3313 '
444 3318 538 3378 quem
558 3299 648 3361 etde
669 3298 772 3359 libella
789 3299 933 3362 universa
947 3299 1029 3361 vide.
1072 3301 1126 3360 llic
1145 3308 1264 3372 tamen,
1290 3306 1326 3359 ut
1344 3318 1409 3359 sae·

444 3408 515 3489 pius
540 3408 580 3467 de
604 3407 715 3488 quovis
731 3408 860 3470 minimo
875 3427 1002 3469 nummo
1019 3407 1147 3469 dicitur.
1164 3439 1206 3451 -

485 3515 536 3577 Vs.
556 3515 606 3577 99.
627 3525 656 3575 te
671 3516 802 3598 probare
818 3516 966 3599 postulas.
1008 3515 1053 3576 lle
1072 3534 1130 3573 usu
1150 3523 1183 3573 et
1201 3514 1322 3593 syntaxi
1340 3534 1411 3575 ver·

445 3623 479 3685 bi
502 3622 660 3707 postulare
685 3623 768 3704 apud
788 3624 924 3685 Comicus
943 3621 1016 3682 vide
1036 3621 1162 3683 Iinbnlr.
1181 3622 1222 3682 ad
1240 3622 1314 3682 Ilut.
1335 3621 1410 3703 Lup.

447 3754 478 3813 p.
492 3733 564 3807 Idd,
587 3741 619 3792 et
640 3731 671 3793 J.
692 3731 724 3792 F.
747 3732 841 3791 Gron.
862 3729 901 3790 nd
922 3728 1001 3790 Gall.
1022 3730 1058 3788 N.
1079 3726 1115 3787 A.
1136 3727 1184 3789 IV.
1208 3730 1235 3791 1.
1256 3727 1411 3790 serumed.

444 3842 483 3900 In
516 3839 660 3900 lacrumis
690 3847 722 3899 et
748 3836 903 3896 drachmis
928 3835 1171 3916 paronomasinm
1196 3836 1274 3897 mihi
1302 3837 1415 3918 depre-

443 3947 581 4008 hendere
601 3945 724 4019 videon,
755 3943 899 4023 qualibus
919 3950 1082 4024 tantopere
1101 3944 1254 4006 studuisse
1274 3944 1415 4007 Plautum

347 4077 352 4087 ¹
444 4053 594 4116 videmus.
