<?xml version="1.0" encoding="UTF-8"?>
<!DOCTYPE html PUBLIC "-//W3C//DTD XHTML 1.0 Transitional//EN"
    "http://www.w3.org/TR/xhtml1/DTD/xhtml1-transitional.dtd">
<html xmlns="http://www.w3.org/1999/xhtml" xml:lang="en" lang="en">
 <head>
  <title>
</title>
<meta http-equiv="Content-Type" content="text/html;charset=utf-8" />
  <meta name='ocr-system' content='tesseract 3.04.00' />
  <meta name='ocr-capabilities' content='ocr_page ocr_carea ocr_par ocr_line ocrx_word'/>
</head>
<body>
  <div class='ocr_page' id='page_1' title='image "./specimenliterar00romegoog_0093.png"; bbox 0 0 3275 5117; ppageno 0'>
   <div class='ocr_carea' id='block_1_1' title="bbox 716 524 767 599">
    <p class='ocr_par' dir='ltr' id='par_1_1' title="bbox 716 524 767 599">
     <span class='ocr_line' id='line_1_1' title="bbox 716 524 767 599; baseline -0.02 0"><span class='ocrx_word' id='word_1_1' title='bbox 716 524 767 599; x_wconf 79' lang='lat'><strong>81</strong></span> 
     </span>
    </p>
   </div>
   <div class='ocr_carea' id='block_1_2' title="bbox 327 762 1209 1060">
    <p class='ocr_par' dir='ltr' id='par_1_2' title="bbox 327 762 1209 1060">
     <span class='ocr_line' id='line_1_2' title="bbox 327 762 1168 851; baseline -0.005 -17"><span class='ocrx_word' id='word_1_2' title='bbox 327 790 371 834; x_wconf 81' lang='lat' dir='ltr'><strong>m.</strong></span> <span class='ocrx_word' id='word_1_3' title='bbox 394 768 495 843; x_wconf 87' lang='lat' dir='ltr'><strong>Fiat,</strong></span> <span class='ocrx_word' id='word_1_4' title='bbox 519 775 654 851; x_wconf 78' lang='lat' dir='ltr'><strong>geratur</strong></span> <span class='ocrx_word' id='word_1_5' title='bbox 674 783 745 827; x_wconf 86' lang='lat' dir='ltr'><strong>mos</strong></span> <span class='ocrx_word' id='word_1_6' title='bbox 768 762 847 827; x_wconf 87' lang='lat' dir='ltr'><strong>tibi.</strong></span> <span class='ocrx_word' id='word_1_7' title='bbox 869 784 921 829; x_wconf 83' lang='lat' dir='ltr'><strong>rr.</strong></span> <span class='ocrx_word' id='word_1_8' title='bbox 945 762 1013 829; x_wconf 79' lang='lat' dir='ltr'><strong>Sed</strong></span> <span class='ocrx_word' id='word_1_9' title='bbox 1035 774 1069 828; x_wconf 89' lang='lat' dir='ltr'><strong>te</strong></span> <span class='ocrx_word' id='word_1_10' title='bbox 1091 762 1168 830; x_wconf 84' lang='lat' dir='ltr'><strong>volo</strong></span> 
     </span>
     <span class='ocr_line' id='line_1_3' title="bbox 328 870 1209 969; baseline 0 -23"><span class='ocrx_word' id='word_1_11' title='bbox 328 870 549 969; x_wconf 76' lang='lat' dir='ltr'><strong>Dominoque</strong></span> <span class='ocrx_word' id='word_1_12' title='bbox 563 878 695 944; x_wconf 82' lang='lat' dir='ltr'><strong>adesse.</strong></span> <span class='ocrx_word' id='word_1_13' title='bbox 730 898 775 941; x_wconf 81' lang='lat' dir='ltr'><strong>ar.</strong></span> <span class='ocrx_word' id='word_1_14' title='bbox 799 874 891 951; x_wconf 78' lang='lat' dir='ltr'><strong>Quin</strong></span> <span class='ocrx_word' id='word_1_15' title='bbox 904 876 970 943; x_wconf 86' lang='lat' dir='ltr'><strong>tibi</strong></span> <span class='ocrx_word' id='word_1_16' title='bbox 980 875 1064 944; x_wconf 87' lang='lat' dir='ltr'><strong>hauc</strong></span> <span class='ocrx_word' id='word_1_17' title='bbox 1076 900 1209 967; x_wconf 87' lang='lat' dir='ltr'><strong>operam</strong></span> 
     </span>
     <span class='ocr_line' id='line_1_4' title="bbox 1117 993 1206 1060; baseline 0.022 -2"><span class='ocrx_word' id='word_1_18' title='bbox 1117 993 1206 1060; x_wconf 88' lang='lat' dir='ltr'><strong>dico.</strong></span> 
     </span>
    </p>
   </div>
   <div class='ocr_carea' id='block_1_3' title="bbox 239 1106 1208 1535">
    <p class='ocr_par' dir='ltr' id='par_1_3' title="bbox 239 1106 1208 1535">
     <span class='ocr_line' id='line_1_5' title="bbox 325 1106 1208 1196; baseline 0 -21"><span class='ocrx_word' id='word_1_19' title='bbox 325 1128 380 1175; x_wconf 78' lang='lat' dir='ltr'><strong>ca.</strong></span> <span class='ocrx_word' id='word_1_20' title='bbox 403 1106 451 1174; x_wconf 82' lang='lat' dir='ltr'><strong>At</strong></span> <span class='ocrx_word' id='word_1_21' title='bbox 465 1130 526 1196; x_wconf 84' lang='lat' dir='ltr'><strong>ego</strong></span> <span class='ocrx_word' id='word_1_22' title='bbox 537 1107 580 1172; x_wconf 91' lang='lat' dir='ltr'><strong>ad</strong></span> <span class='ocrx_word' id='word_1_23' title='bbox 591 1106 700 1172; x_wconf 82' lang='lat' dir='ltr'><strong>lorum</strong></span> <span class='ocrx_word' id='word_1_24' title='bbox 711 1107 870 1193; x_wconf 80' lang='lat' dir='ltr'><strong>ibo:jam</strong></span> <span class='ocrx_word' id='word_1_25' title='bbox 880 1106 937 1174; x_wconf 89' lang='lat' dir='ltr'><strong>hic</strong></span> <span class='ocrx_word' id='word_1_26' title='bbox 947 1108 1060 1174; x_wconf 88' lang='lat' dir='ltr'><strong>adero.</strong></span> <span class='ocrx_word' id='word_1_27' title='bbox 1083 1108 1208 1175; x_wconf 71' lang='lat' dir='ltr'><strong>radc-</strong></span> 
     </span>
     <span class='ocr_line' id='line_1_6' title="bbox 998 1224 1205 1289; baseline 0.01 -2"><span class='ocrx_word' id='word_1_28' title='bbox 998 1234 1106 1288; x_wconf 85' lang='lat' dir='ltr'><strong>tutum</strong></span> <span class='ocrx_word' id='word_1_29' title='bbox 1117 1224 1205 1289; x_wconf 86' lang='lat' dir='ltr'><strong>redi.</strong></span> 
     </span>
     <span class='ocr_line' id='line_1_7' title="bbox 325 1333 1182 1421; baseline -0.002 -18"><span class='ocrx_word' id='word_1_30' title='bbox 325 1359 377 1403; x_wconf 78' lang='lat' dir='ltr'><strong>rs.</strong></span> <span class='ocrx_word' id='word_1_31' title='bbox 401 1335 559 1421; x_wconf 73' lang='lat' dir='ltr'><strong>Suspicio</strong></span> <span class='ocrx_word' id='word_1_32' title='bbox 582 1347 634 1400; x_wconf 87' lang='lat' dir='ltr'><strong>est</strong></span> <span class='ocrx_word' id='word_1_33' title='bbox 654 1333 741 1399; x_wconf 89' lang='lat' dir='ltr'><strong>mihi</strong></span> <span class='ocrx_word' id='word_1_34' title='bbox 763 1355 850 1399; x_wconf 88' lang='lat' dir='ltr'><strong>uunc</strong></span> <span class='ocrx_word' id='word_1_35' title='bbox 870 1356 931 1399; x_wconf 84' lang='lat' dir='ltr'><strong>vor</strong></span> <span class='ocrx_word' id='word_1_36' title='bbox 954 1337 1182 1421; x_wconf 76' lang='lat' dir='ltr'><strong>auspicatior,</strong></span> 
     </span>
     <span class='ocr_line' id='line_1_8' title="bbox 239 1447 1160 1535; baseline 0.003 -22"><span class='ocrx_word' id='word_1_37' title='bbox 239 1450 316 1517; x_wconf 81' lang='lat'>1⁵0.</span> <span class='ocrx_word' id='word_1_38' title='bbox 325 1447 384 1515; x_wconf 88' lang='lat' dir='ltr'><strong>Me</strong></span> <span class='ocrx_word' id='word_1_39' title='bbox 407 1451 532 1514; x_wconf 80' lang='lat' dir='ltr'><strong>iccirco</strong></span> <span class='ocrx_word' id='word_1_40' title='bbox 554 1448 636 1514; x_wconf 88' lang='lat' dir='ltr'><strong>haec</strong></span> <span class='ocrx_word' id='word_1_41' title='bbox 659 1460 751 1513; x_wconf 85' lang='lat' dir='ltr'><strong>tanta</strong></span> <span class='ocrx_word' id='word_1_42' title='bbox 772 1449 922 1514; x_wconf 82' lang='lat' dir='ltr'><strong>facinora</strong></span> <span class='ocrx_word' id='word_1_43' title='bbox 941 1450 1160 1535; x_wconf 76' lang='lat' dir='ltr'><strong>promittere,</strong></span> 
     </span>
    </p>
   </div>
   <div class='ocr_carea' id='block_1_4' title="bbox 241 1560 1211 2427">
    <p class='ocr_par' dir='ltr' id='par_1_4' title="bbox 241 1560 1211 2427">
     <span class='ocr_line' id='line_1_9' title="bbox 326 1560 1205 1651; baseline 0.001 -24"><span class='ocrx_word' id='word_1_44' title='bbox 326 1562 395 1639; x_wconf 80' lang='lat' dir='ltr'><strong>Qui</strong></span> <span class='ocrx_word' id='word_1_45' title='bbox 408 1584 465 1627; x_wconf 84' lang='lat' dir='ltr'><strong>vos</strong></span> <span class='ocrx_word' id='word_1_46' title='bbox 477 1560 653 1642; x_wconf 87' lang='lat' dir='ltr'><strong>oblectem,</strong></span> <span class='ocrx_word' id='word_1_47' title='bbox 667 1560 752 1627; x_wconf 89' lang='lat' dir='ltr'><strong>hanc</strong></span> <span class='ocrx_word' id='word_1_48' title='bbox 763 1560 910 1627; x_wconf 84' lang='lat' dir='ltr'><strong>fabulam</strong></span> <span class='ocrx_word' id='word_1_49' title='bbox 922 1562 999 1627; x_wconf 89' lang='lat' dir='ltr'><strong>dum</strong></span> <span class='ocrx_word' id='word_1_50' title='bbox 1011 1564 1205 1651; x_wconf 77' lang='lat' dir='ltr'><strong>transigam,</strong></span> 
     </span>
     <span class='ocr_line' id='line_1_10' title="bbox 323 1675 1202 1765; baseline 0 -21"><span class='ocrx_word' id='word_1_51' title='bbox 323 1675 443 1765; x_wconf 88' lang='lat' dir='ltr'><strong>Neque</strong></span> <span class='ocrx_word' id='word_1_52' title='bbox 463 1680 529 1744; x_wconf 82' lang='lat' dir='ltr'><strong>aim</strong></span> <span class='ocrx_word' id='word_1_53' title='bbox 551 1679 724 1756; x_wconf 83' lang='lat' dir='ltr'><strong>facturus,</strong></span> <span class='ocrx_word' id='word_1_54' title='bbox 750 1676 839 1764; x_wconf 90' lang='lat' dir='ltr'><strong>quod</strong></span> <span class='ocrx_word' id='word_1_55' title='bbox 859 1678 1024 1742; x_wconf 85' lang='lat' dir='ltr'><strong>facturum</strong></span> <span class='ocrx_word' id='word_1_56' title='bbox 1036 1677 1202 1744; x_wconf 79' lang='lat' dir='ltr'><strong>dixeram.</strong></span> 
     </span>
     <span class='ocr_line' id='line_1_11' title="bbox 321 1788 1203 1880; baseline 0.002 -23"><span class='ocrx_word' id='word_1_57' title='bbox 321 1788 399 1857; x_wconf 88' lang='lat' dir='ltr'><strong>Nou</strong></span> <span class='ocrx_word' id='word_1_58' title='bbox 410 1790 597 1871; x_wconf 72' lang='lat' dir='ltr'><strong>demutatio,</strong></span> <span class='ocrx_word' id='word_1_59' title='bbox 609 1806 708 1878; x_wconf 83' lang='lat' dir='ltr'><strong>atque</strong></span> <span class='ocrx_word' id='word_1_60' title='bbox 721 1792 822 1855; x_wconf 87' lang='lat' dir='ltr'><strong>etiam</strong></span> <span class='ocrx_word' id='word_1_61' title='bbox 834 1805 973 1872; x_wconf 89' lang='lat' dir='ltr'><strong>certum,</strong></span> <span class='ocrx_word' id='word_1_62' title='bbox 987 1792 1073 1880; x_wconf 90' lang='lat' dir='ltr'><strong>quod</strong></span> <span class='ocrx_word' id='word_1_63' title='bbox 1084 1794 1203 1870; x_wconf 84' lang='lat' dir='ltr'><strong>sciam;</strong></span> 
     </span>
     <span class='ocr_line' id='line_1_12' title="bbox 325 1903 1154 1991; baseline 0.001 -20"><span class='ocrx_word' id='word_1_64' title='bbox 325 1904 399 1981; x_wconf 79' lang='lat' dir='ltr'><strong>Quo</strong></span> <span class='ocrx_word' id='word_1_65' title='bbox 420 1906 486 1969; x_wconf 88' lang='lat' dir='ltr'><strong>sim</strong></span> <span class='ocrx_word' id='word_1_66' title='bbox 508 1906 655 1971; x_wconf 77' lang='lat' dir='ltr'><strong>facturus</strong></span> <span class='ocrx_word' id='word_1_67' title='bbox 677 1917 796 1991; x_wconf 88' lang='lat' dir='ltr'><strong>pacto,</strong></span> <span class='ocrx_word' id='word_1_68' title='bbox 819 1903 909 1969; x_wconf 88' lang='lat' dir='ltr'><strong>nihil</strong></span> <span class='ocrx_word' id='word_1_69' title='bbox 932 1906 1033 1971; x_wconf 90' lang='lat' dir='ltr'><strong>etiam</strong></span> <span class='ocrx_word' id='word_1_70' title='bbox 1055 1907 1154 1988; x_wconf 84' lang='lat' dir='ltr'><strong>scio,</strong></span> 
     </span>
     <span class='ocr_line' id='line_1_13' title="bbox 241 2014 1211 2107; baseline 0.002 -23"><span class='ocrx_word' id='word_1_71' title='bbox 241 2020 317 2087; x_wconf 75' lang='lat' dir='ltr'><strong>lto.</strong></span> <span class='ocrx_word' id='word_1_72' title='bbox 328 2017 411 2087; x_wconf 88' lang='lat' dir='ltr'><strong>Nisi</strong></span> <span class='ocrx_word' id='word_1_73' title='bbox 423 2022 500 2107; x_wconf 88' lang='lat' dir='ltr'><strong>quia</strong></span> <span class='ocrx_word' id='word_1_74' title='bbox 512 2020 662 2087; x_wconf 77' lang='lat' dir='ltr'><strong>futurum</strong></span> <span class='ocrx_word' id='word_1_75' title='bbox 674 2033 738 2087; x_wconf 82' lang='lat' dir='ltr'><strong>eat.</strong></span> <span class='ocrx_word' id='word_1_76' title='bbox 772 2014 1211 2106; x_wconf 83' lang='lat' dir='ltr'><strong>Namquiiusceuampro·</strong></span> 
     </span>
     <span class='ocr_line' id='line_1_14' title="bbox 966 2112 1201 2211; baseline 0.004 -13"><span class='ocrx_word' id='word_1_77' title='bbox 966 2112 970 2120; x_wconf 46' lang='grc'><strong>’</strong></span> <span class='ocrx_word' id='word_1_78' title='bbox 1084 2135 1201 2211; x_wconf 85' lang='lat' dir='ltr'><strong>venit,</strong></span> 
     </span>
     <span class='ocr_line' id='line_1_15' title="bbox 322 2236 1204 2336; baseline -0.006 -19"><span class='ocrx_word' id='word_1_79' title='bbox 322 2248 419 2318; x_wconf 85' lang='lat' dir='ltr'><strong>Novo</strong></span> <span class='ocrx_word' id='word_1_80' title='bbox 438 2250 535 2319; x_wconf 86' lang='lat' dir='ltr'><strong>modo</strong></span> <span class='ocrx_word' id='word_1_81' title='bbox 556 2236 675 2317; x_wconf 71' lang='lat' dir='ltr'><strong>norom</strong></span> <span class='ocrx_word' id='word_1_82' title='bbox 685 2246 818 2336; x_wconf 87' lang='lat' dir='ltr'><strong>aliquid</strong></span> <span class='ocrx_word' id='word_1_83' title='bbox 829 2246 1002 2313; x_wconf 82' lang='lat' dir='ltr'><strong>inventum</strong></span> <span class='ocrx_word' id='word_1_84' title='bbox 1012 2246 1134 2312; x_wconf 83' lang='lat' dir='ltr'><strong>afferro</strong></span> <span class='ocrx_word' id='word_1_85' title='bbox 1145 2247 1204 2312; x_wconf 88' lang='lat' dir='ltr'><strong>ad·</strong></span> 
     </span>
     <span class='ocr_line' id='line_1_16' title="bbox 1092 2360 1202 2427; baseline 0.027 -3"><span class='ocrx_word' id='word_1_86' title='bbox 1092 2360 1202 2427; x_wconf 87' lang='lat' dir='ltr'><strong>decet.</strong></span> 
     </span>
    </p>
   </div>
   <div class='ocr_carea' id='block_1_5' title="bbox 231 2570 1205 3719">
    <p class='ocr_par' dir='ltr' id='par_1_5' title="bbox 234 2570 1202 2767">
     <span class='ocr_line' id='line_1_17' title="bbox 235 2570 1202 2655; baseline -0.002 -20"><span class='ocrx_word' id='word_1_87' title='bbox 235 2578 319 2650; x_wconf 90' lang='lat' dir='ltr'><strong>misi,</strong></span> <span class='ocrx_word' id='word_1_88' title='bbox 338 2596 389 2637; x_wconf 90' lang='lat' dir='ltr'><strong>mc</strong></span> <span class='ocrx_word' id='word_1_89' title='bbox 405 2576 522 2655; x_wconf 85' lang='lat' dir='ltr'><strong>duplex</strong></span> <span class='ocrx_word' id='word_1_90' title='bbox 539 2574 599 2635; x_wconf 90' lang='lat' dir='ltr'><strong>hoc</strong></span> <span class='ocrx_word' id='word_1_91' title='bbox 617 2573 736 2633; x_wconf 86' lang='lat' dir='ltr'><strong>lacinus</strong></span> <span class='ocrx_word' id='word_1_92' title='bbox 754 2570 930 2631; x_wconf 83' lang='lat' dir='ltr'><strong>editurum:</strong></span> <span class='ocrx_word' id='word_1_93' title='bbox 951 2590 1005 2632; x_wconf 86' lang='lat' dir='ltr'><strong>vos</strong></span> <span class='ocrx_word' id='word_1_94' title='bbox 1014 2579 1118 2633; x_wconf 86' lang='lat' dir='ltr'><strong>autem</strong></span> <span class='ocrx_word' id='word_1_95' title='bbox 1127 2592 1202 2633; x_wconf 89' lang='lat' dir='ltr'><strong>con·</strong></span> 
     </span>
     <span class='ocr_line' id='line_1_18' title="bbox 234 2678 760 2767; baseline -0.008 -25"><span class='ocrx_word' id='word_1_96' title='bbox 234 2691 283 2743; x_wconf 88' lang='lat' dir='ltr'><strong>tra</strong></span> <span class='ocrx_word' id='word_1_97' title='bbox 297 2701 383 2742; x_wconf 87' lang='lat' dir='ltr'><strong>nunc</strong></span> <span class='ocrx_word' id='word_1_98' title='bbox 400 2682 503 2742; x_wconf 89' lang='lat' dir='ltr'><strong>locum</strong></span> <span class='ocrx_word' id='word_1_99' title='bbox 520 2680 594 2740; x_wconf 85' lang='lat' dir='ltr'><strong>date</strong></span> <span class='ocrx_word' id='word_1_100' title='bbox 618 2678 760 2767; x_wconf 63' lang='lat' dir='ltr'><strong>{alluciis</strong></span> 
     </span>
    </p>

    <p class='ocr_par' dir='ltr' id='par_1_6' title="bbox 231 2780 1205 3719">
     <span class='ocr_line' id='line_1_19' title="bbox 273 2780 1203 2869; baseline 0.004 -25"><span class='ocrx_word' id='word_1_101' title='bbox 273 2786 323 2846; x_wconf 85' lang='lat' dir='ltr'><strong>Vs.</strong></span> <span class='ocrx_word' id='word_1_102' title='bbox 353 2786 419 2847; x_wconf 83' lang='lat'><strong>156.</strong></span> <span class='ocrx_word' id='word_1_103' title='bbox 449 2806 527 2845; x_wconf 79' lang='grc' dir='ltr'><strong><em>οιοοο</em></strong></span> <span class='ocrx_word' id='word_1_104' title='bbox 558 2780 665 2844; x_wconf 82' lang='lat' dir='ltr'><strong>modo:</strong></span> <span class='ocrx_word' id='word_1_105' title='bbox 689 2804 852 2865; x_wconf 82' lang='lat' dir='ltr'><strong>perperam</strong></span> <span class='ocrx_word' id='word_1_106' title='bbox 877 2786 973 2867; x_wconf 81' lang='lat' dir='ltr'><strong>vulgo</strong></span> <span class='ocrx_word' id='word_1_107' title='bbox 997 2786 1203 2869; x_wconf 74' lang='lat' dir='ltr'><strong>distinguitur</strong></span> 
     </span>
     <span class='ocr_line' id='line_1_20' title="bbox 231 2891 1198 2972; baseline 0.005 -19"><span class='ocrx_word' id='word_1_108' title='bbox 231 2891 397 2971; x_wconf 83' lang='lat' dir='ltr'><strong>posthaec</strong></span> <span class='ocrx_word' id='word_1_109' title='bbox 416 2891 521 2953; x_wconf 84' lang='lat' dir='ltr'><strong>verba.</strong></span> <span class='ocrx_word' id='word_1_110' title='bbox 567 2892 712 2966; x_wconf 80' lang='lat' dir='ltr'><strong>Promisi,</strong></span> <span class='ocrx_word' id='word_1_111' title='bbox 745 2894 849 2970; x_wconf 88' lang='lat' dir='ltr'><strong>inquit</strong></span> <span class='ocrx_word' id='word_1_112' title='bbox 877 2895 1061 2970; x_wconf 84' lang='lat' dir='ltr'><strong>Pseudolus,</strong></span> <span class='ocrx_word' id='word_1_113' title='bbox 1078 2897 1198 2972; x_wconf 70' lang='lat' dir='ltr'><strong>uobis,</strong></span> 
     </span>
     <span class='ocr_line' id='line_1_21' title="bbox 233 2992 1205 3082; baseline 0.01 -26"><span class='ocrx_word' id='word_1_114' title='bbox 233 3016 252 3056; x_wconf 94' lang='lat' dir='ltr'><strong>o</strong></span> <span class='ocrx_word' id='word_1_115' title='bbox 281 3005 492 3077; x_wconf 77' lang='lat' dir='ltr'><strong>spectatores,</strong></span> <span class='ocrx_word' id='word_1_116' title='bbox 532 3018 678 3078; x_wconf 75' lang='lat' dir='ltr'><strong>maguum</strong></span> <span class='ocrx_word' id='word_1_117' title='bbox 707 3001 834 3082; x_wconf 86' lang='lat' dir='ltr'><strong>aliquod</strong></span> <span class='ocrx_word' id='word_1_118' title='bbox 863 3002 997 3067; x_wconf 79' lang='lat' dir='ltr'><strong>lacinus.</strong></span> <span class='ocrx_word' id='word_1_119' title='bbox 1047 2992 1205 3081; x_wconf 84' lang='lat' dir='ltr'><strong>Quomodo</strong></span> 
     </span>
     <span class='ocr_line' id='line_1_22' title="bbox 232 3103 1203 3188; baseline 0.012 -25"><span class='ocrx_word' id='word_1_120' title='bbox 232 3103 381 3177; x_wconf 85' lang='lat' dir='ltr'><strong>efficiam,</strong></span> <span class='ocrx_word' id='word_1_121' title='bbox 412 3104 549 3165; x_wconf 90' lang='lat' dir='ltr'><strong>nondum</strong></span> <span class='ocrx_word' id='word_1_122' title='bbox 569 3105 651 3167; x_wconf 84' lang='lat' dir='ltr'><strong>scio:</strong></span> <span class='ocrx_word' id='word_1_123' title='bbox 681 3108 734 3168; x_wconf 88' lang='lat' dir='ltr'><strong>scd</strong></span> <span class='ocrx_word' id='word_1_124' title='bbox 755 3109 899 3185; x_wconf 88' lang='lat' dir='ltr'><strong>efficiam,</strong></span> <span class='ocrx_word' id='word_1_125' title='bbox 932 3110 993 3172; x_wconf 89' lang='lat' dir='ltr'><strong>hoc</strong></span> <span class='ocrx_word' id='word_1_126' title='bbox 1012 3112 1092 3188; x_wconf 87' lang='lat' dir='ltr'><strong>scic,</strong></span> <span class='ocrx_word' id='word_1_127' title='bbox 1115 3122 1148 3173; x_wconf 88' lang='lat' dir='ltr'><strong>ct</strong></span> <span class='ocrx_word' id='word_1_128' title='bbox 1165 3132 1203 3175; x_wconf 84' lang='lat' dir='ltr'><strong>ca</strong></span> 
     </span>
     <span class='ocr_line' id='line_1_23' title="bbox 234 3210 1201 3300; baseline 0.013 -31"><span class='ocrx_word' id='word_1_129' title='bbox 234 3210 373 3285; x_wconf 87' lang='lat' dir='ltr'><strong>rationo,</strong></span> <span class='ocrx_word' id='word_1_130' title='bbox 407 3211 516 3293; x_wconf 52' lang='lat' dir='ltr'><strong>⁸qualis</strong></span> <span class='ocrx_word' id='word_1_131' title='bbox 544 3212 578 3271; x_wconf 86' lang='lat' dir='ltr'><strong>in</strong></span> <span class='ocrx_word' id='word_1_132' title='bbox 607 3214 695 3276; x_wconf 86' lang='lat' dir='ltr'><strong>nullu</strong></span> <span class='ocrx_word' id='word_1_133' title='bbox 715 3216 816 3277; x_wconf 88' lang='lat' dir='ltr'><strong>adhuc</strong></span> <span class='ocrx_word' id='word_1_134' title='bbox 836 3217 943 3280; x_wconf 81' lang='lat' dir='ltr'><strong>fabula</strong></span> <span class='ocrx_word' id='word_1_135' title='bbox 962 3228 1101 3300; x_wconf 86' lang='lat' dir='ltr'><strong>spectata</strong></span> <span class='ocrx_word' id='word_1_136' title='bbox 1119 3220 1201 3282; x_wconf 83' lang='lat' dir='ltr'><strong>fuit:</strong></span> 
     </span>
     <span class='ocr_line' id='line_1_24' title="bbox 231 3319 1200 3407; baseline 0.01 -29"><span class='ocrx_word' id='word_1_137' title='bbox 231 3338 304 3380; x_wconf 83' lang='lat' dir='ltr'><strong>nam</strong></span> <span class='ocrx_word' id='word_1_138' title='bbox 323 3319 378 3399; x_wconf 88' lang='lat' dir='ltr'><strong>qui</strong></span> <span class='ocrx_word' id='word_1_139' title='bbox 399 3319 433 3380; x_wconf 88' lang='lat' dir='ltr'><strong>in</strong></span> <span class='ocrx_word' id='word_1_140' title='bbox 452 3339 574 3381; x_wconf 87' lang='lat' dir='ltr'><strong>scenam</strong></span> <span class='ocrx_word' id='word_1_141' title='bbox 593 3323 755 3401; x_wconf 87' lang='lat' dir='ltr'><strong>provenit,</strong></span> <span class='ocrx_word' id='word_1_142' title='bbox 779 3336 812 3387; x_wconf 85' lang='lat' dir='ltr'><strong>et</strong></span> <span class='ocrx_word' id='word_1_143' title='bbox 831 3344 942 3387; x_wconf 85' lang='lat' dir='ltr'><strong>novam</strong></span> <span class='ocrx_word' id='word_1_144' title='bbox 962 3326 1099 3389; x_wconf 87' lang='lat' dir='ltr'><strong>fabulam</strong></span> <span class='ocrx_word' id='word_1_145' title='bbox 1118 3327 1200 3407; x_wconf 75' lang='lat' dir='ltr'><strong>opit,</strong></span> 
     </span>
     <span class='ocr_line' id='line_1_25' title="bbox 232 3424 1202 3517; baseline 0.009 -33"><span class='ocrx_word' id='word_1_146' title='bbox 232 3444 304 3485; x_wconf 89' lang='lat' dir='ltr'><strong>eum</strong></span> <span class='ocrx_word' id='word_1_147' title='bbox 324 3424 416 3486; x_wconf 87' lang='lat' dir='ltr'><strong>decet</strong></span> <span class='ocrx_word' id='word_1_148' title='bbox 435 3426 556 3507; x_wconf 83' lang='lat' dir='ltr'><strong>aliquid</strong></span> <span class='ocrx_word' id='word_1_149' title='bbox 576 3429 649 3489; x_wconf 85' lang='lat' dir='ltr'><strong>novi</strong></span> <span class='ocrx_word' id='word_1_150' title='bbox 670 3437 702 3489; x_wconf 90' lang='lat' dir='ltr'><strong>et</strong></span> <span class='ocrx_word' id='word_1_151' title='bbox 723 3449 802 3490; x_wconf 82' lang='lat' dir='ltr'><strong>noro</strong></span> <span class='ocrx_word' id='word_1_152' title='bbox 821 3432 914 3491; x_wconf 89' lang='lat' dir='ltr'><strong>modo</strong></span> <span class='ocrx_word' id='word_1_153' title='bbox 927 3431 1048 3493; x_wconf 63' lang='lat' dir='ltr'><strong>afferro</strong></span> <span class='ocrx_word' id='word_1_154' title='bbox 1089 3433 1202 3517; x_wconf 83' lang='lat' dir='ltr'><strong>ltaque</strong></span> 
     </span>
     <span class='ocr_line' id='line_1_26' title="bbox 231 3532 1202 3616; baseline 0.003 -23"><span class='ocrx_word' id='word_1_155' title='bbox 231 3532 338 3595; x_wconf 86' lang='lat' dir='ltr'><strong>solitos</strong></span> <span class='ocrx_word' id='word_1_156' title='bbox 366 3551 424 3612; x_wconf 79' lang='lat' dir='ltr'><strong>ego</strong></span> <span class='ocrx_word' id='word_1_157' title='bbox 450 3533 555 3609; x_wconf 89' lang='lat' dir='ltr'><strong>dolos,</strong></span> <span class='ocrx_word' id='word_1_158' title='bbox 595 3536 708 3616; x_wconf 87' lang='lat' dir='ltr'><strong>quihus</strong></span> <span class='ocrx_word' id='word_1_159' title='bbox 736 3535 806 3595; x_wconf 85' lang='lat' dir='ltr'><strong>heri</strong></span> <span class='ocrx_word' id='word_1_160' title='bbox 826 3544 859 3595; x_wconf 90' lang='lat' dir='ltr'><strong>ct</strong></span> <span class='ocrx_word' id='word_1_161' title='bbox 878 3536 1006 3598; x_wconf 84' lang='lat' dir='ltr'><strong>lenones</strong></span> <span class='ocrx_word' id='word_1_162' title='bbox 1024 3538 1120 3616; x_wconf 77' lang='lat' dir='ltr'><strong>vulgo</strong></span> <span class='ocrx_word' id='word_1_163' title='bbox 1139 3537 1202 3597; x_wconf 87' lang='lat' dir='ltr'><strong>cir·</strong></span> 
     </span>
     <span class='ocr_line' id='line_1_27' title="bbox 232 3641 1203 3719; baseline 0 -16"><span class='ocrx_word' id='word_1_164' title='bbox 232 3641 491 3716; x_wconf 86' lang='lat' dir='ltr'><strong>cumveniuntur,</strong></span> <span class='ocrx_word' id='word_1_165' title='bbox 532 3662 597 3704; x_wconf 87' lang='lat' dir='ltr'><strong>noa</strong></span> <span class='ocrx_word' id='word_1_166' title='bbox 623 3655 758 3719; x_wconf 83' lang='lat' dir='ltr'><strong>struum;</strong></span> <span class='ocrx_word' id='word_1_167' title='bbox 789 3642 892 3703; x_wconf 82' lang='lat' dir='ltr'><strong>omnia</strong></span> <span class='ocrx_word' id='word_1_168' title='bbox 920 3652 1015 3704; x_wconf 89' lang='lat' dir='ltr'><strong>erunt</strong></span> <span class='ocrx_word' id='word_1_169' title='bbox 1041 3662 1140 3705; x_wconf 81' lang='lat' dir='ltr'><strong>nova:</strong></span> <span class='ocrx_word' id='word_1_170' title='bbox 1170 3642 1203 3703; x_wconf 88' lang='lat' dir='ltr'><strong>in</strong></span> 
     </span>
    </p>
   </div>
   <div class='ocr_carea' id='block_1_6' title="bbox 231 3749 1338 3831">
    <p class='ocr_par' dir='ltr' id='par_1_7' title="bbox 231 3749 1338 3831">
     <span class='ocr_line' id='line_1_28' title="bbox 231 3749 1338 3831; baseline -0.004 -20"><span class='ocrx_word' id='word_1_171' title='bbox 231 3749 374 3811; x_wconf 88' lang='lat' dir='ltr'><strong>omnibus</strong></span> <span class='ocrx_word' id='word_1_172' title='bbox 402 3750 469 3810; x_wconf 87' lang='lat' dir='ltr'><strong>scre</strong></span> <span class='ocrx_word' id='word_1_173' title='bbox 498 3750 613 3812; x_wconf 80' lang='lat' dir='ltr'><strong>sabulis</strong></span> <span class='ocrx_word' id='word_1_174' title='bbox 638 3761 685 3811; x_wconf 86' lang='lat' dir='ltr'><strong>est</strong></span> <span class='ocrx_word' id='word_1_175' title='bbox 713 3771 820 3812; x_wconf 74' lang='lat' dir='ltr'><strong>seruus</strong></span> <span class='ocrx_word' id='word_1_176' title='bbox 850 3750 964 3831; x_wconf 88' lang='lat' dir='ltr'><strong>aliquis</strong></span> <span class='ocrx_word' id='word_1_177' title='bbox 983 3750 1079 3812; x_wconf 85' lang='lat' dir='ltr'><strong>sellax</strong></span> <span class='ocrx_word' id='word_1_178' title='bbox 1105 3749 1204 3831; x_wconf 89' lang='lat' dir='ltr'><strong>(quod</strong></span> <span class='ocrx_word' id='word_1_179' title='bbox 1333 3798 1338 3807; x_wconf 95' lang='lat'>.</span> 
     </span>
    </p>
   </div>
   <div class='ocr_carea' id='block_1_7' title="bbox 232 3829 1205 3938">
    <p class='ocr_par' dir='ltr' id='par_1_8' title="bbox 232 3829 1205 3938">
     <span class='ocr_line' id='line_1_29' title="bbox 232 3829 1205 3938; baseline 0.005 -23"><span class='ocrx_word' id='word_1_180' title='bbox 232 3854 319 3916; x_wconf 82' lang='lat' dir='ltr'><strong>uvid.</strong></span> <span class='ocrx_word' id='word_1_181' title='bbox 342 3829 419 3935; x_wconf 72' lang='lat' dir='ltr'><strong>jam&#39;</strong></span> <span class='ocrx_word' id='word_1_182' title='bbox 438 3856 477 3917; x_wconf 67' lang='lat' dir='ltr'><strong>aa</strong></span> <span class='ocrx_word' id='word_1_183' title='bbox 508 3856 676 3919; x_wconf 69' lang='lat' dir='ltr'><strong>uenalem</strong></span> <span class='ocrx_word' id='word_1_184' title='bbox 695 3857 790 3933; x_wconf 69' lang='lat' dir='ltr'><strong>eicit,</strong></span> <span class='ocrx_word' id='word_1_185' title='bbox 822 3856 888 3919; x_wconf 77' lang='lat' dir='ltr'><strong>lm.</strong></span> <span class='ocrx_word' id='word_1_186' title='bbox 911 3856 936 3918; x_wconf 92' lang='lat'><strong>1.</strong></span> <span class='ocrx_word' id='word_1_187' title='bbox 962 3858 1009 3919; x_wconf 72' lang='grc' dir='ltr'><strong>ιο.</strong></span> <span class='ocrx_word' id='word_1_188' title='bbox 1033 3856 1114 3938; x_wconf 67' lang='lat' dir='ltr'><strong>rut:</strong></span> <span class='ocrx_word' id='word_1_189' title='bbox 1144 3857 1205 3920; x_wconf 83' lang='lat' dir='ltr'><strong>hoo</strong></span> 
     </span>
    </p>
   </div>
   <div class='ocr_carea' id='block_1_8' title="bbox 232 3961 1257 4154">
    <p class='ocr_par' dir='ltr' id='par_1_9' title="bbox 232 3961 1257 4154">
     <span class='ocr_line' id='line_1_30' title="bbox 233 3961 1257 4047; baseline 0.008 -28"><span class='ocrx_word' id='word_1_190' title='bbox 233 3961 331 4040; x_wconf 77' lang='lat' dir='ltr'><strong>igitur</strong></span> <span class='ocrx_word' id='word_1_191' title='bbox 359 3972 407 4024; x_wconf 84' lang='lat' dir='ltr'><strong>est</strong></span> <span class='ocrx_word' id='word_1_192' title='bbox 435 3972 612 4027; x_wconf 83' lang='lat' dir='ltr'><strong>vetustum:</strong></span> <span class='ocrx_word' id='word_1_193' title='bbox 646 3986 752 4027; x_wconf 68' lang='lat' dir='ltr'><strong>seruus</strong></span> <span class='ocrx_word' id='word_1_194' title='bbox 772 3966 817 4028; x_wconf 84' lang='lat' dir='ltr'><strong>ita</strong></span> <span class='ocrx_word' id='word_1_195' title='bbox 837 3966 949 4039; x_wconf 81' lang='lat' dir='ltr'><strong>fallax,</strong></span> <span class='ocrx_word' id='word_1_196' title='bbox 981 3974 1019 4027; x_wconf 91' lang='lat' dir='ltr'><strong>ut</strong></span> <span class='ocrx_word' id='word_1_197' title='bbox 1038 3984 1112 4047; x_wconf 76' lang='lat' dir='ltr'><strong>ego,</strong></span> <span class='ocrx_word' id='word_1_198' title='bbox 1143 3965 1204 4027; x_wconf 87' lang='lat' dir='ltr'><strong>hoc</strong></span> <span class='ocrx_word' id='word_1_199' title='bbox 1251 4000 1257 4012; x_wconf 34' lang='lat' dir='ltr'><strong>a</strong></span> 
     </span>
     <span class='ocr_line' id='line_1_31' title="bbox 232 4066 1202 4154; baseline 0.007 -29"><span class='ocrx_word' id='word_1_200' title='bbox 232 4085 345 4129; x_wconf 87' lang='lat' dir='ltr'><strong>novum</strong></span> <span class='ocrx_word' id='word_1_201' title='bbox 366 4070 443 4145; x_wconf 87' lang='lat' dir='ltr'><strong>crit,</strong></span> <span class='ocrx_word' id='word_1_202' title='bbox 477 4081 510 4133; x_wconf 86' lang='lat' dir='ltr'><strong>ct</strong></span> <span class='ocrx_word' id='word_1_203' title='bbox 529 4092 609 4135; x_wconf 87' lang='lat' dir='ltr'><strong>novo</strong></span> <span class='ocrx_word' id='word_1_204' title='bbox 628 4073 720 4136; x_wconf 93' lang='lat' dir='ltr'><strong>modo</strong></span> <span class='ocrx_word' id='word_1_205' title='bbox 739 4082 878 4154; x_wconf 80' lang='lat' dir='ltr'><strong>geretur.</strong></span> <span class='ocrx_word' id='word_1_206' title='bbox 920 4071 1022 4134; x_wconf 81' lang='lat' dir='ltr'><strong>Verba</strong></span> <span class='ocrx_word' id='word_1_207' title='bbox 1041 4093 1119 4133; x_wconf 76' lang='lat' dir='ltr'><strong>coco</strong></span> <span class='ocrx_word' id='word_1_208' title='bbox 1138 4066 1202 4132; x_wconf 71' lang='grc' dir='ltr'><strong><em>οὶο·</em></strong></span> 
     </span>
    </p>
   </div>
   <div class='ocr_carea' id='block_1_9' title="bbox 1042 4184 1080 4247">
    <p class='ocr_par' dir='ltr' id='par_1_10' title="bbox 1042 4184 1080 4247">
     <span class='ocr_line' id='line_1_32' title="bbox 1042 4184 1080 4247; baseline -0.053 0"><span class='ocrx_word' id='word_1_209' title='bbox 1042 4184 1080 4247; x_wconf 92' lang='lat' dir='ltr'><strong>ll</strong></span> 
     </span>
    </p>
   </div>
   <div class='ocr_carea' id='block_1_10' title="bbox 0 0 1649 5117">
    <p class='ocr_par' dir='ltr' id='par_1_11' title="bbox 0 0 1649 5117">
     <span class='ocr_line' id='line_1_33' title="bbox 0 0 1649 5117; baseline 0 0"><span class='ocrx_word' id='word_1_210' title='bbox 0 0 1649 5117; x_wconf 95' lang='lat' dir='ltr'><strong> </strong></span> 
     </span>
    </p>
   </div>
  </div>
 </body>
</html>
