3275 5117
704 416 777 555 tta

305 760 308 765 ·
332 725 496 811 Nau-ege
520 724 600 786 item
622 732 755 783 coenam
777 714 918 794 cendia,
941 728 978 781 ut
1002 712 1065 780 aiii
1086 719 1209 804 ecqui,

335 840 405 917 Qut
426 836 512 903 mibi
534 832 667 899 condita
689 842 784 917 prata
808 832 847 893 iu
865 830 992 915 patinis
1014 830 1211 915 proferunt,

335 954 444 1019 Boves
455 951 513 1037 qui
525 947 682 1014 convivas
694 944 824 1009 faciunt
837 988 847 1020 ‚
861 940 1046 1029 herbasque
1059 956 1231 1032 aggerunt:

335 1068 402 1133 Eas
428 1062 548 1129 herbas
569 1058 684 1124 herbis
709 1054 790 1121 aliis
812 1076 910 1141 porra
932 1055 1088 1142 condiunt
1101 1101 1127 1136 ,.

272 1186 327 1251 25.
340 1180 461 1247 ludunt
472 1166 1133 1250 auriandrum‚feuieulum‚ullium‚atrum
1144 1168 1231 1248 alut,

338 1294 518 1380 Appcnunt
528 1290 687 1355 rumicem
700 1329 711 1364 ,
723 1283 908 1348 brassicam
920 1326 932 1360 ‚
945 1280 1054 1345 betam
1066 1326 1077 1360 ,
1091 1280 1210 1346 blitum
1224 1328 1236 1362 ‚

342 1408 392 1473 Εο
413 1404 589 1489 laserpicii
610 1398 730 1464 libram
750 1394 858 1483 pande
881 1393 1036 1459 diluunt:

340 1518 476 1586 Teritur
486 1514 616 1599 sinapis
628 1508 790 1577 scelerata
802 1530 876 1573 eum
888 1505 983 1574 illis:
1007 1510 1212 1594 quiterunt‚

361 1670 406 1721 25.
424 1660 575 1719 coriandra.
606 1663 651 1713 28.
669 1662 774 1726 sinapis
791 1658 889 1711 celcra.

278 1798 316 1862 ad
344 1797 430 1878 Epid.
462 1798 496 1870 l,
530 1796 564 1868 1,
595 1794 651 1870 52;
680 1792 815 1854 Turneb.
837 1792 877 1852 ad
896 1794 987 1853 Truc.
1008 1794 1044 1867 2,
1069 1797 1104 1867 7,
1129 1796 1182 1871 11,
1205 1808 1238 1859 et

278 1904 411 1965 Gronov.
425 1903 470 1962 aie
489 1902 559 1963 Pcc.
580 1900 648 1960 Vet.
670 1898 730 1959 111.
751 1899 781 1959 3.
802 1918 834 1978 p.
858 1899 924 1959 134.

320 2011 370 2071 Vs.
400 2010 449 2071 26.
475 2008 604 2068 etitem.-
633 2006 713 2067 Plin.
735 2006 770 2065 H.
791 2006 828 2065 N.
849 2005 909 2065 XX.
930 2006 988 2065 22:
1018 2007 1137 2069 Btitnm
1155 2013 1241 2074 inere

279 2118 417 2191 videtur,
440 2136 475 2176 ac
496 2117 565 2174 sine
586 2134 693 2195 sapone
713 2121 769 2171 ant
788 2112 960 2171 acrimonia
973 2112 1058 2174 nlla:
1078 2118 1242 2179 andecan-

277 2224 393 2284 ct‘ct'tnn
404 2223 540 2303 seminis
559 2221 642 2302 apnd
660 2219 868 2279 Menandrum
878 2220 1131 2298 sacinntman'tt'.
1151 2225 1242 2307 Apud

279 2330 423 2391 Plautum
453 2331 544 2390 True.
565 2328 601 2401 i,
626 2328 662 2400 i,
688 2327 702 2384 1
724 2326 875 2385 meretrix
895 2324 1013 2386 dicitur
1031 2328 1124 2389 blitea
1142 2341 1175 2393 et
1195 2334 1243 2396 ln-

276 2446 340 2511 tea,
380 2438 401 2496 i.
432 2456 459 2496 e.
488 2434 601 2505 barda,
641 2431 766 2510 stupida
794 2439 827 2489 et
846 2430 950 2491 fatua:
982 2432 1023 2493 ci.
1043 2433 1149 2496 Fartus
1168 2438 1190 2499 i.
1211 2458 1241 2502 r.

278 2542 397 2603 blitum.
440 2539 618 2601 Indeserta
640 2535 931 2598 Gallicumhelitre.
1152 2526 1155 2537 '

317 2649 368 2708 vs.
396 2648 445 2706 27.
472 2665 506 2703 ιο
533 2625 680 2704 n'aun:
709 2642 730 2701 ι.
753 2660 781 2703 0.
802 2660 841 2701 eo
860 2641 1016 2724 laserpicii
1035 2647 1146 2711 liuram
1164 2671 1242 2732 pon-

276 2752 330 2822 do,
355 2752 478 2829 liquore
497 2748 603 2827 aliquo
622 2748 771 2821 dilutam,
794 2748 923 2811 addunt.
965 2751 1010 2812 De
1029 2753 1242 2837 laserpieicci.

249 2857 369 2930 sSalm.
400 2856 440 2916 ad
469 2854 548 2917 Rtrd.
576 2854 613 2927 3,
644 2855 680 2928 2,
716 2855 763 2915 16.
793 2888 835 2901 -
854 2856 965 2917 libram
980 2863 1105 2941 penda:
1133 2865 1243 2929 libram

278 2962 477 3045 ponderatam
497 2961 541 3021 sie
562 2960 778 3041 significabant
798 2973 933 3041 veteres,
967 2977 1003 3027 ut
1022 2969 1249 3051 distinguerent

280 3092 299 3134 a
318 3071 400 3131 libra
418 3069 607 3130 mensurali..
640 3070 707 3145 Qua
726 3070 766 3131 de
787 3091 821 3131 re
841 3073 932 3153 plura
950 3074 1037 3137 tiabit
1057 3079 1149 3141 Gran.
1170 3080 1202 3143 L.
1213 3083 1246 3144 Ρ.

278 3198 310 3257 p.
331 3177 400 3239 323.
421 3196 489 3255 sqq.

322 3284 372 3345 Vs.
411 3284 460 3343 28.
490 3283 603 3341 teritur
631 3284 751 3365 sinapis
778 3286 945 3349 scelerata:
981 3293 1067 3353 Seru.
1096 3292 1136 3354 ad
1163 3295 1249 3376 virg.

279 3392 355 3451 han.
386 3390 437 3450 IX.
465 3390 524 3450 aaa
552 3389 648 3469 legit:
672 3392 796 3485 seritur
824 3394 945 3475 sinapis
974 3383 1105 3471 seeiera,
1147 3418 1245 3478 quae,

281 3505 497 3579 praeterquam
526 3497 560 3556 in
587 3497 665 3557 uitio
691 3496 855 3574 manifeste
882 3498 976 3578 primi
1003 3519 1089 3574 voe„
1120 3509 1250 3565 tuantur
1312 3507 1314 3511 ’

190 3638 194 3647 ,
284 3604 369 3677 Mes..
409 3604 592 3664 exhibentes
621 3604 737 3679 celera,
780 3604 864 3682 quad
891 3606 1044 3681 quomodo
1072 3621 1252 3691 corruptum

181 3707 185 3714 ’
286 3711 342 3786 sit,
366 3713 522 3772 neminem
543 3712 630 3773 latet.
672 3712 758 3772 Nihil
776 3710 976 3797 mutandum:
1008 3732 1079 3773 nam
1096 3715 1161 3777 sire
1180 3719 1251 3780 Ser·
1314 3768 1315 3771 ι

285 3818 412 3879 sianum
442 3817 655 3892 adsciscimus,
687 3818 753 3881 sive
778 3820 935 3901 vulgatam
953 3819 1192 3900 integramente
1211 3827 1253 3887 si·

286 3924 404 3999 nimus,
423 3926 498 4005 jure
518 3924 621 3986 locum
641 3946 731 3987 suum
750 3926 882 3987 obtinet.
911 3924 1130 3990 obnitentibus
1143 3949 1251 4010 quarn·

287 4030 335 4089 uis
363 4030 448 4105 tiss,
480 4032 631 4094 Prisciani
660 4030 707 4112 (in
728 4032 803 4097 edit.
825 4031 949 4097 Putsch.
970 4032 1037 4096 bib.
1057 4034 1109 4098 VI.
1127 4038 1162 4119 p.
1182 4040 1251 4103 662.
