3275 5117
734 548 787 633 25

276 826 280 833 ·
328 798 448 866 drutus
469 797 539 862 sit:
565 816 626 883 ege
648 815 690 858 ne
711 792 795 879 quid
816 806 958 872 noeeet,
982 814 1113 863 essere.

338 911 406 979 Sed
418 910 500 999 quid
511 911 563 975 ais
575 906 590 971 i
603 906 685 996 quid
693 902 769 985 hee,
784 908 872 995 quod
885 921 917 973 te
929 909 1036 995 regei
1048 932 1100 975 rs.
1113 908 1244 998 Siquid

893 1040 898 1049 ’
967 1060 970 1065 -
1046 1025 1102 1089 vis
1118 1070 1128 1103 ,
1143 1044 1244 1111 roget

272 1138 438 1217 tro-Quod
457 1138 576 1216 scibo,
599 1132 746 1221 Delphis
769 1132 836 1199 tibi
860 1156 1056 1221 responsum
1078 1138 1196 1203 dieite.

208 1304 222 1329 .
337 1278 381 1323 ss.
405 1253 556 1323 Advorte
575 1272 657 1337 ‘ergo
679 1250 849 1325 unimum3
880 1250 991 1341 ethfee
1015 1252 1065 1315 sis
1085 1256 1246 1338 promissi

1101 1386 1244 1434 mernor:

339 1480 431 1559 Quid
452 1478 528 1546 sisi
552 1496 690 1567 eequnrn
711 1478 780 1542 seis
804 1474 915 1543 filiurn
937 1467 1113 1544 tibicinem

297 1590 299 1594 ’
341 1592 601 1661 Meumemnrei
632 1613 685 1657 rs.
707 1588 1037 1677 Negaremeumest.
1072 1614 1117 1658 er.
1140 1593 1246 1659 Libe·

937 1727 1010 1773 rare
1023 1727 1120 1794 quum
1131 1706 1242 1774 veliti

360 1853 404 1904 65.
422 1854 447 1901 si
464 1851 531 1917 quid
546 1849 626 1901 scibo.
659 1849 704 1902 66.
722 1847 794 1899 obest
811 1854 847 1900 et.

273 1973 344 2039 Ter.
363 1970 448 2037 'Eun
475 1975 503 2035 l.
532 1975 561 2033 2.
590 1972 667 2048 1173
698 1972 760 2033 cte.
780 1970 902 2032 addit.
924 1970 994 2031 XII.
1014 1972 1064 2031 50.
1090 1971 1162 2032 vide
1181 1974 1244 2033 Gu·
1322 2028 1324 2033 .

272 2084 369 2145 lieIm.
421 2085 544 2159 Quaest.
574 2080 608 2141 in
636 2080 747 2141 Bacch.
777 2098 804 2139 e.
832 2079 862 2139 3.
912 2077 1093 2157 Opportune
1117 2078 1247 2143 laudent

272 2186 345 2253 intt.
365 2190 451 2269 virg.
472 2188 549 2250 sien.
572 2186 627 2247 lv.
650 2188 719 2248 539.

313 2298 364 2360 Vs.
395 2298 445 2359 ot.
465 2296 519 2356 sed
538 2294 614 2375 quid
631 2292 703 2354 ais?
720 2291 871 2365 sorrentu,
895 2310 958 2371 que
975 2290 1078 2352 utitur
1095 2293 1239 2369 Plautus,

275 2406 401 2487 qnando
423 2404 511 2466 eliud
535 2401 629 2482 quid,
661 2420 754 2479 quem
773 2399 857 2479 quod
874 2408 949 2459 ente
966 2399 1125 2475 dixerant,
1155 2412 1245 2464 erant

273 2512 410 2575 dicturi:
442 2511 484 2573 oi.
513 2511 608 2588 hujus
635 2528 677 2569 so.
702 2527 747 2567 vs.
766 2507 824 2583 673
855 2504 966 2587 Amph.
985 2508 1021 2581 2,
1048 2508 1079 2582 1,
1104 2511 1159 2587 733
1181 2510 1245 2570 die·
1283 2492 1291 2508 ⁴

271 2620 412 2681 naeehm.
434 2618 467 2690 l,
489 2618 525 2681 2.
547 2617 596 2677 52.
625 2614 718 2675 Plura
736 2613 809 2673 vide
823 2612 906 2693 opud
921 2613 1011 2674 Both.
1021 2613 1061 2675 ad
1069 2615 1162 2678 Mero.
1172 2618 1241 2678 tot.

309 2724 360 2784 Vs.
382 2724 431 2784 65.
455 2721 586 2802 Delphis
605 2719 664 2780 tibi
682 2728 766 2781 esee«
788 2720 837 2781 off.
857 2720 950 2782 Gron.
970 2721 1003 2782 Ι..
1021 2722 1054 2782 Ρ.
1073 2743 1104 2804 p.
1122 2724 1191 2785 257.

308 2830 358 2890 Vs.
381 2830 429 2890 66.
452 2828 489 2887 In
505 2828 553 2888 his
571 2828 725 2888 librorum
743 2827 809 2888 ides.
831 2828 969 2888 tenebris
986 2848 1049 2890 non
1068 2839 1242 2911 potuerunt

273 2952 337 2999 non
364 2954 470 2996 errore
494 2944 527 2995 et
557 2936 695 2997 titubare
715 2936 914 3017 interpretes.
956 2936 1016 2997 Sed
1036 2958 1117 3019 quae
1137 2940 1243 3001 Carne·

271 3042 373 3105 rnrius
404 3060 443 3101 ex
471 3040 562 3102 libris
587 3042 650 3103 suis
680 3042 825 3123 collegit,
856 3044 943 3104 etin
961 3046 1076 3107 nostris
1095 3044 1243 3107 editioni·

273 3148 332 3211 bus
351 3157 477 3211 exorate
494 3148 776 3224 circumferuntur,
800 3162 884 3213 sture
900 3172 964 3213 non
980 3162 1126 3233 possunt,
1148 3155 1243 3235 quip-

274 3276 314 3339 pe
342 3276 452 3338 parurn
481 3276 619 3337 congrue
646 3277 718 3318 oum
739 3259 1035 3339 interrogationibus
1052 3262 1245 3343 subsequen·

275 3365 358 3424 tibus
386 3363 533 3438 Simonis,
565 3372 598 3424 et
618 3382 690 3425 eum
710 3350 765 3437 iis',
796 3385 877 3446 quse
897 3366 963 3447 ipse
983 3367 1152 3429 Pseudolus
1171 3387 1242 3447 pos·

273 3480 323 3533 teu
352 3471 536 3553 respondet:
576 3471 717 3551 negando
742 3470 796 3533 hie
825 3471 913 3533 loeus
939 3492 1005 3533 esse
1033 3474 1155 3553 nequit.
1197 3472 1244 3533 Ad

274 3598 372 3640 unnnr
400 3598 504 3640 ornnes
533 3580 746 3641 assentiuntur
774 3579 980 3660 interpretes,
1019 3589 1053 3640 et
1079 3579 1244 3641 manifesto

273 3684 416 3750 indicunt
434 3687 510 3747 libri
529 3686 674 3748 nonnulli
695 3686 781 3761 dise,
814 3707 928 3767 erepere
948 3706 1048 3745 nseom
1067 3706 1107 3747 ex
1127 3688 1244 3749 Graeco
1293 3670 1297 3679 ⁴

274 3796 363 3857 iente
381 3795 516 3856 fluxisse.
558 3796 621 3856 Nee
642 3802 744 3855 temen
764 3794 979 3855 haeeGraeee
998 3794 1183 3873 expressisse
1195 3796 1243 3854 si·

272 3902 366 3963 detur
397 3902 582 3975 Pseudolus,
616 3912 653 3963 ut
672 3902 798 3964 orneulu
817 3903 1010 3975 imitaretur,
1043 3922 1114 3962 narn
1134 3910 1167 3963 et
1187 3922 1243 3963 en·

274 4017 306 4069 te
335 4011 394 4087 (vs.
427 4010 480 4084 28)
496 4010 561 4089 jem
582 4010 699 4073 Graece
717 4010 961 4091 interposuerat,
993 4018 1026 4070 et
1045 4009 1127 4073 infra
1147 4008 1190 4090 (2.
1212 4014 1241 4075 i.
1278 4008 1284 4018 ’

274 4114 327 4195 22)
347 4117 481 4177 sermoni
499 4136 555 4179 suo
574 4118 742 4180 imminuet:
765 4117 819 4180 sed
840 4119 915 4198 qnia
933 4124 1025 4199 poeta
1041 4136 1165 4180 sermm
1180 4120 1240 4181 fin·

1059 4229 1120 4291 110
