3275 5117
709 530 764 606 55

313 772 382 841 Ubi
394 784 495 851 sunt,
518 772 577 837 nbi
597 770 728 846 latent,
754 764 877 855 quibus
888 778 979 832 notus
992 767 1124 855 integro
1137 783 1213 844 ost.

848 883 908 968 qui
918 893 1027 946 amant
1040 880 1189 949 ulonouo
1201 884 1216 948 ’ἓ

248 1008 303 1072 70.
315 1000 406 1079 Quin
428 1002 655 1078 conveniunt,
681 996 763 1083 quin
774 1017 839 1060 unu
851 1016 965 1060 omnes
976 1008 1073 1082 poste
1085 996 1146 1063 huo
1156 1021 1216 1086 po·

818 1105 935 1196 pulum
944 1108 1031 1174 huno
1043 1107 1214 1178 liberunt?

313 1231 380 1297 Sed
391 1232 492 1296 nimis
506 1248 578 1294 sum
590 1225 714 1293 stultus
728 1270 739 1305 ,
757 1225 900 1289 nimium
913 1223 966 1289 foi
977 1223 1132 1291 indoctus
1147 1249 1156 1293 ε
1170 1247 1213 1291 no

571 1336 573 1339 ’
1007 1336 1063 1401 illi
1075 1339 1218 1406 audeant

316 1460 357 1527 ld
378 1457 515 1526 funerei
538 1456 659 1545 quibus
682 1466 719 1519 ut
741 1456 891 1519 serviant
910 1455 1214 1539 sonsumoroogit,

959 1548 962 1556 ¹
1115 1565 1218 1631 simul

314 1686 497 1766 Prohibet,
509 1685 635 1751 faciant
646 1684 821 1749 advorsum
834 1702 890 1746 oos
904 1679 991 1767 quod
1001 1677 1132 1746 volunt.
1159 1702 1216 1746 ou.

725 1796 827 1875 Vah,
850 1807 936 1860 tuoe.
957 1816 1008 1859 rs.
1034 1791 1126 1870 Quid
1137 1794 1216 1861 est?

313 1936 368 1983 ou.
389 1911 482 1982 Molo
493 1913 679 2001 morigerus
689 1908 776 1976 molo
789 1909 876 1974 fnois
888 1906 988 1988 mihi,
1001 1928 1075 1973 oum
1087 1928 1213 1974 sormo-

693 2021 994 2090 nohuioobsonas.
1016 2042 1068 2087 rs.
1091 2021 1214 2088 Taceo.

248 2143 441 2213 75.cn.'At
460 2136 809 2217 tuooasmnlomulto,
835 2156 931 2224 quoru
943 2136 1214 2203 tooerotodious.

963 2271 1020 2315 uu.
1043 2249 1096 2316 'l'u
1107 2263 1216 2316 autom

335 2444 378 2497 74.
403 2444 435 2494 ln
451 2444 496 2493 ud.
515 2440 630 2493 Anthios.
650 2438 742 2489 obsunt
758 2437 827 2487 molo
843 2438 1004 2501 moriuntur.

289 2596 340 2656 Vs.
361 2596 409 2654 69.
431 2602 538 2653 omont
556 2612 575 2650 o
587 2583 722 2663 towns,
745 2588 812 2649 soil.
833 2588 980 2670 puellus..
1005 2589 1130 2669 Duplici
1148 2609 1215 2651 moe

250 2702 291 2764 do
318 2700 469 2779 explicari
487 2707 589 2777 potest
609 2697 687 2757 lineo
707 2695 864 2776 exquisita
883 2696 1119 2776 praepositionis
1139 2678 1214 2757 oon·

252 2806 401 2881 strueti03
448 2813 581 2883 uterque
611 2812 713 2862 tamon
741 2801 871 2863 eandum
898 2803 1085 2864 sententiam
1110 2804 1217 2865 offert:

253 2932 273 2971 o
302 2910 410 2969 lenone
436 2909 531 2989 vulgo
559 2910 810 2990 interpretantur
830 2932 847 2969 e
867 2912 952 2971 domo
971 2912 1109 2986 lenonio,
1143 2922 1179 2973 ut
1198 2935 1218 2973 o

148 3078 150 3083 ,
255 3039 302 3077 mo
325 3037 383 3097 pro
403 3038 441 3076 eu
460 3016 586 3077 oedibus
605 3019 698 3093 quoio,
729 3028 761 3079 ot
782 3019 826 3080 sio
846 3020 968 3100 passim.
1010 3019 1070 3079 Sed
1088 3039 1219 3101 prnopo-
1320 3037 1322 3040 ’

251 3124 324 3185 sitio
352 3145 372 3184 o
400 3123 482 3204 npud
510 3124 653 3184 Plautum
668 3108 709 3185 ¹ot
728 3126 867 3204 reliquos
886 3127 1032 3209 antiquos
1051 3127 1219 3207 scriptores

253 3234 373 3313 saopius
406 3251 463 3312 per
490 3232 665 3311 genitivum
692 3234 874 3313 explicanda
902 3244 966 3307 est,
1006 3244 1043 3294 ut
1070 3245 1178 3295 omont
1203 3255 1223 3293 o

254 3338 363 3399 tenone
389 3339 562 3418 significet:
603 3350 708 3398 omont
738 3339 876 3414 lenonis,
915 3340 983 3401 soil.
1012 3340 1152 3422 puollns3
1181 3339 1221 3399 do

253 3467 316 3527 quu
343 3456 502 3507 structura
522 3466 593 3507 eum
612 3447 727 3508 multos
746 3447 840 3520 alios,
873 3456 942 3505 turn
959 3446 1031 3505 vido
1052 3447 1163 3507 Kortto
1182 3445 1224 3507 nd

131 3559 133 3565 '
254 3553 317 3614 Cio.
345 3552 385 3613 nd
413 3552 482 3613 niv.
513 3552 568 3613 ΙΙΙ.
603 3553 658 3626 13,
699 3552 788 3612 init:
829 3551 908 3613 addo
937 3552 1001 3614 cie.
1022 3552 1062 3613 ud
1080 3551 1146 3611 Att.
1164 3552 1220 3626 lv,

255 3661 289 3733 3,
323 3662 358 3735 5,
392 3681 463 3719 reus
492 3680 512 3719 o
541 3660 673 3735 Milone,
706 3680 764 3741 pro
785 3680 857 3719 reos
878 3659 1026 3733 Milonis,
1059 3670 1223 3719 ooousonto

255 3766 380 3827 Milone.
438 3764 439 3767 ’

294 3873 345 3934 Vs.
368 3874 416 3934 7t.
457 3874 535 3933 molo
565 3877 737 3955 moripnroo
764 3896 813 3949 es,
846 3876 897 3935 vel
916 3876 1004 3955 focio
1024 3875 1119 3934 miti:
1149 3875 1170 3935 i.
1193 3894 1220 3936 o.

255 3980 337 4040 male
366 3982 491 4056 obedis,
522 4002 631 4063 purum
660 4002 777 4043 morem
805 3984 883 4043 mihi
903 3984 1002 4063 geris,
1033 3982 1156 4063 odiosus
1175 4002 1227 4060 os3

256 4086 318 4146 vid.
342 4090 431 4150 Cure.
457 4090 490 4163 l,
515 4090 550 4163 3,
578 4091 625 4150 13.
671 4090 758 4171 Epid.
781 4092 817 4165 5,
844 4093 871 4151 l.
897 4092 923 4152 l.
