3275 5117
884 507 941 582 90

429 761 554 823 idai.
576 751 680 817 Immo
692 750 798 817 adeat.
810 772 862 818 rc.
875 748 962 817 'l'un'
974 748 1148 816 attulisti?
1170 773 1230 818 ru.
1240 754 1391 842 Egomet.

965 886 1018 931 ro.
1042 862 1133 941 Qum
1144 865 1277 935 dubitas
1289 870 1393 938 darei

495 1000 554 1046 uu.
576 978 659 1045 Tibi
672 1000 734 1067 cgo
744 978 841 1045 domi
864 1000 915 1045 rr.
927 976 1018 1044 Mibi
1031 977 1144 1046 bercla
1154 1004 1232 1047 voro
1245 1028 1256 1063 ,
1269 988 1394 1072 quires

1096 1099 1309 1187 rationesque
1319 1100 1394 1168 bcri
1483 1156 1487 1160 .

492 1209 659 1277 Ballionis
672 1228 751 1274 curo
764 1253 774 1287 ‚
799 1220 971 1295 argeutum
980 1224 1115 1297 accopto
1128 1255 1139 1290 ,
1163 1234 1312 1299 oxpouoo
1325 1262 1336 1295 ,
1359 1231 1394 1283 ct

1127 1328 1182 1391 cui
1194 1326 1292 1393 debet
1304 1329 1392 1397 dato.

491 1458 550 1504 uu.
585 1436 760 1524 Siquidem
791 1434 904 1501 bcrclc
936 1438 1036 1503 ctiam
1056 1443 1203 1526 supremi
1224 1458 1391 1531 promptac

1087 1553 1260 1623 thesauros
1269 1558 1292 1623 J
1293 1562 1367 1626 ovio
1379 1606 1390 1642 ,

493 1667 575 1734 Tibi
587 1664 740 1733 libellam
751 1668 1058 1754 argentinuuquam
1070 1669 1212 1735 credam.
1235 1692 1286 1736 rr.
1305 1669 1392 1740 Dum

1164 1797 1198 1849 tu
1211 1799 1363 1854 ottonum
1376 1835 1388 1869 ‚

426 1902 479 1965 35.
491 1894 560 1964 Res
572 1897 639 1961 crit
651 1894 773 1961 soluto.
779 1916 840 2001 uu.
849 1893 1007 1961 Vinctum
1015 1896 1128 1981 potior
1141 1898 1193 1964 cic
1201 1920 1390 1970 servavero.

509 2100 552 2149 35.
570 2110 643 2147 uumc
652 2098 714 2161 jam
727 2111 757 2160 p.
776 2111 798 2147 ε.
816 2111 838 2145 o.

340 2244 357 2265 ⁵
465 2252 530 2333 qu
548 2252 576 2311 εἰ
593 2251 671 2311 cotia
688 2247 897 2319 commemini,
919 2247 978 2306 tibi
995 2248 1118 2327 quidem
1134 2258 1180 2307 eat
1196 2248 1269 2307 olim
1287 2250 1370 2323 dieo,

466 2363 565 2442 Quom
582 2357 623 2419 ad
639 2357 728 2416 darec
746 2354 834 2427 huic,
860 2354 1057 2436 praestituto.

464 2473 515 2534 Sic
543 2470 585 2530 od
612 2464 786 2545 saepissimo
814 2481 872 2541 pro
900 2470 987 2522 ocxto
1016 2481 1108 2523 casu:
1147 2463 1188 2524 ci.
1220 2463 1330 2524 lior-tto
1349 2466 1389 2526 ad

409 2584 487 2656 ilic.
508 2579 547 2641 ad
574 2564 643 2637 biv.
673 2572 742 2632 Vll.
773 2570 822 2632 23.
852 2569 1096 2630 3ot1x.5.1.
1138 2571 1260 2643 diodor,
1288 2574 1388 2651 quood

424 2710 482 2771 pro
499 2688 540 2747 od
558 2702 663 2763 quaem,
689 2677 808 2758 legitur
827 2675 906 2736 lieu.
927 2677 962 2748 5,
985 2677 1024 2750 2,’
1047 2676 1095 2737 19.

463 2794 515 2853 Vs.
552 2790 601 2849 35.
631 2787 703 2846 dum
730 2794 764 2844 to
791 2794 951 2857 otreuuoo,
990 2802 1040 2841 reo
1066 2784 1127 2841 coit
1153 2783 1273 2844 colato:
1301 2785 1387 2848 locos

423 2908 569 2969 rexatus,
600 2893 639 2953 ab
656 2891 726 2951 aliia
743 2890 804 2950 alio
819 2889 911 2949 modo
928 2889 1072 2975 relictus:
1098 2900 1278 2965 cerommrc,
1304 2894 1388 2971 quod

424 3024 539 3069 novum
556 2998 699 3061 omnibus
715 2995 892 3069 accidebat,
919 3015 952 3056 oe
970 2998 1183 3059 commendare
1200 3020 1262 3061 uon
1274 3003 1387 3081 potuit.

353 3126 355 3131 ’
424 3114 466 3176 At
491 3105 637 3172 Bartbiua
663 3102 739 3161 Adv.
765 3101 816 3161 XI.
844 3101 920 3161 oin
937 3102 1085 3181 glossario
1102 3126 1173 3179 suo,
1202 3108 1287 3183 quod
1303 3129 1386 3170 sum.

423 3222 483 3285 mis
496 3214 641 3277 laudibus
659 3210 813 3282 cumulat,
834 3229 867 3269 sc
881 3210 1033 3291 reperisse
1050 3219 1200 3272 testatur:
1219 3224 1387 3275 strenuom·
1422 3258 1425 3270 .

425 3340 481 3393 tea.
498 3358 540 3371 -
557 3320 684 3403 cupidi:
713 3327 745 3378 et
769 3317 802 3377 in
819 3317 888 3378 aliis
905 3316 1061 3396 glossariis
1077 3328 1225 3398 corrupto
1241 3330 1386 3380 strenuo-

424 3449 486 3512 εει,
516 3438 688 3494 stromateo:
722 3426 805 3504 quod
823 3445 896 3487 sanc
913 3424 1071 3503 vulgatam
1088 3424 1172 3485 haud
1188 3424 1388 3487 mediocriter

424 3548 538 3608 firmat.
581 3538 631 3600 Sic
648 3534 842 3617 expedienda
860 3533 1004 3592 videtur:
1025 3531 1100 3590 dum
1118 3540 1154 3591 tu
1170 3530 1388 3610 intempestive

423 3666 585 3718 strenuum
612 3653 643 3704 ta
669 3642 761 3713 iacis,
797 3638 953 3719 superbis,
983 3637 1122 3717 egotibi
1148 3646 1306 3717 acceptam
1331 3658 1387 3719 pe-

424 3760 548 3824 cuniam
575 3753 682 3814 suun.
733 3746 822 3825 Quod
847 3746 915 3807 scil.
944 3745 1017 3806 fidoi
1041 3729 1155 3807 calonis
1177 3764 1210 3803 sc
1233 3745 1390 3825 permittit

423 3863 561 3936 Pseud.,‘
579 3857 742 3921 admodum
766 3854 912 3915 idoneum
932 3861 995 3927 oct,
1025 3861 1061 3912 ut
1086 3850 1137 3911 illi
1154 3850 1297 3912 fiduciam
1314 3852 1389 3913 affo-

424 3982 474 4033 rat
495 3969 547 4031 vcl
571 3972 692 4045 augeat.

466 4080 516 4139 Vs.
547 4076 596 4136 ³5.
617 4072 774 4133 vinciam:
798 4069 927 4149 plurimi
951 4068 1017 4134 lim,
1029 4068 1128 4131 dant:
1157 4070 1295 4131 vinciam
1308 4071 1393 4152 poti.
