3275 5117
709 491 788 589 res

328 732 418 811 Quid
431 744 483 799 est
494 732 526 795 ai
539 728 665 795 homiui
677 726 822 793 nomen?
846 748 897 792 sr.
920 728 1013 791 Leno
1025 724 1148 791 Ballio.
1162 744 1227 789 <nn
1243 756 1247 764 ·

1005 839 1134 907 Scirin’
1147 841 1231 929 egel

328 962 407 1046 lpse
418 981 479 1047 ego
491 959 522 1023 is
535 978 607 1023 snm
616 1004 627 1038 ,
647 955 865 1036 adolescens,
890 976 987 1044 quem
999 969 1034 1022 tu
1048 956 1230 1042 quaeritas.

861 1093 912 1135 su.
935 1067 1031 1135 Tune
1044 1091 1080 1133 es
1094 1067 1230 1134 Ballio?

331 1206 386 1251 nn.
409 1187 482 1273 Ego
494 1188 662 1251 enimvero
673 1186 705 1249 is
716 1204 802 1250 sum.
814 1204 866 1247 su.
879 1181 927 1247 Ut
936 1184 1080 1247 vestitus
1093 1194 1146 1247 est
1156 1204 1231 1267 per·

925 1298 1035 1363 fossor
1044 1298 1208 1382 parietum
1222 1297 1230 1358 !

330 1434 386 1478 ns.
410 1413 518 1481 Credo
530 1416 567 1478 in
579 1410 728 1479 tenebris
741 1412 953 1497 conspicatus
964 1412 997 1475 si
1010 1412 1060 1474 sis
1073 1431 1125 1473 me
1137 1452 1149 1487 ,
1174 1409 1232 1474 ab·

953 1526 1079 1589 stineas
1091 1544 1234 1587 manum.

332 1672 376 1723 21.
394 1686 431 1721 sr.
451 1670 510 1719 leno
527 1670 560 1719 Β.
580 1684 636 1719 ran.
655 1683 714 1717 sum
736 1682 782 1733 opo
798 1668 866 1732 ipso.

334 1766 378 1818 22.
397 1780 443 1831 eqo
459 1781 518 1815 suas
533 1764 698 1815 adulescens.
732 1762 777 1815 23.
795 1779 842 1829 eqo
858 1765 935 1813 caius
952 1763 977 1812 s'r
994 1778 1061 1813 rem.

310 1903 360 1964 Vs.
389 1904 439 1963 22.
469 1902 663 1963 adolescens:
699 1902 759 1963 hoo
785 1900 853 1963 lere
879 1904 1031 1965 vocabulo
1050 1912 1184 1964 utuntur
1203 1904 1236 1963 iu

269 2009 319 2071 his
346 2008 478 2084 sabulis,
518 2009 574 2089 qui
602 2009 806 2089 alloquuntur
833 2008 971 2088 ignotos,
1012 2010 1236 2090 quamvisjam

270 2117 451 2197 grandiores
489 2127 585 2179 natu:
625 2117 696 2177 vide
726 2118 815 2178 Cure.
849 2118 869 2177 3
898 2137 942 2178 vs.
971 2118 1024 2194 293
1056 2117 1134 2177 llen.
1155 2119 1184 2178 2.
1206 2119 1235 2179 2.

275 2224 309 2284 11
342 2233 374 2285 et
401 2225 456 2302 15;
485 2225 552 2305 huj.
574 2224 637 2286 lab.
660 2224 689 2285 2.
711 2224 740 2284 2.
761 2224 797 2283 21
810 2222 820 2299 ς
845 2223 875 2284 l.
898 2224 926 2283 7.
948 2224 986 2285 38
1007 2231 1040 2283 et
1059 2223 1115 2297 ta,
1147 2223 1234 2285 alibi.

271 2331 371 2413 Vulgo
390 2352 553 2414 perperam
572 2331 795 2411 distinguitur:
827 2331 892 2411 ipse
913 2350 967 2411 epo
984 2332 1014 2410 is
1033 2350 1101 2390 sum
1119 2332 1237 2391 adoles*

271 2457 363 2511 cem
394 2438 479 2515 qnod
507 2437 584 2498 ferri
603 2440 731 2514 nequit:
760 2436 834 2497 leno
852 2438 935 2497 enim
949 2438 1016 2516 jam
1034 2456 1128 2498 senex
1147 2446 1233 2499 erata

269 2544 311 2605 el.
331 2546 361 2605 i.
384 2546 412 2606 7.
435 2546 484 2605 93.
1222 2610 1227 2617 ,

191 2700 193 2708 ,
270 2683 275 2697 ·
313 2650 364 2711 Vs.
391 2651 441 2711 2l.
471 2650 559 2709 oredo
579 2651 615 2709 ia
635 2649 786 2710 tenebris:
816 2650 870 2712 hic
890 2671 1012 2727 versus,
1043 2653 1100 2731 qui
1118 2654 1236 2716 nullam

271 2754 444 2819 molestiam
472 2754 598 2816 videtur
617 2757 767 2817 creavisse
781 2758 864 2817 siris
880 2759 995 2835 doctis,
1027 2782 1077 2822 me
1096 2762 1152 2821 diu
1170 2782 1236 2823 mo·

268 2870 354 2923 ratus
382 2871 443 2934 est,
474 2882 545 2923 cum
571 2863 688 2926 frustra
717 2875 846 2927 conatus
865 2886 932 2927 sum
951 2868 1025 2930 satis
1043 2869 1235 2930 commodum

269 2988 392 3030 sensum
420 2969 553 3031 elieere:
590 2972 796 3052 sycophantae
824 2974 896 3037 leno
925 2984 1009 3037 tecte
1035 2977 1235 3039 latrocinium

271 3074 408 3154 objicere
428 3076 570 3156 videtur3
610 3079 650 3140 ob
668 3083 870 3161 praemissum
897 3085 986 3144 credo
1005 3084 1088 3146 forte
1108 3085 1152 3145 sio
1172 3085 1235 3146 iro·-

270 3182 342 3245 niee
368 3184 569 3265 explicandus
596 3205 719 3249 versus:
751 3191 890 3267 quamvis
909 3201 972 3253 tam
990 3191 1151 3272 splendide
1170 3211 1237 3252 sum

274 3290 419 3364 vestitus,
466 3300 568 3353 tamon
603 3294 773 3356 abstineres
798 3317 939 3373 manum,
980 3319 1044 3360 non
1071 3299 1234 3380 spoliares,

273 3396 399 3478 opinor,
442 3398 522 3459 siin
542 3400 681 3462 tenebris
699 3421 749 3461 me
769 3404 964 3484 conspicatus
983 3424 1073 3465 esses.
1115 3404 1239 3464 illonent

275 3504 357 3567 enim
387 3504 467 3567 Seal.
489 3515 522 3566 et
542 3509 656 3581 Turn,
688 3508 720 3569 h.
741 3508 764 3568 l.
785 3508 826 3571 ab
843 3509 917 3570 intt.
937 3509 1070 3583 laudati,
1102 3509 1237 3570 versico-

275 3608 373 3671 lorem
400 3612 543 3675 habitum
573 3614 719 3675 tribuisse
746 3615 912 3677 lenonibus
939 3626 1076 3688 ueteres,
1117 3625 1150 3676 et
1168 3633 1238 3676 raso

210 3772 211 3777 ,
275 3720 378 3801 eapite
397 3720 431 3780 in
450 3741 572 3785 scenam
591 3723 766 3800 induxisse;
787 3723 946 3786 laudea.
959 3723 1006 3785 lo.
1048 3722 1107 3784 Sed
1128 3722 1239 3783 Simiae

134 3815 137 3821 ¹
211 3906 212 3912 ἵ
267 3828 458 3891 ‚exclamatio
475 3840 511 3891 stt
530 3833 658 3893 vestitus
678 3841 793 3893 estole.
813 3832 911 3912 magis
929 3831 1041 3904 idonee
1049 3830 1241 3909 intelligitur

274 3934 313 3995 de
333 3937 483 4000 nitidiore
500 3939 699 4014 vestimento,
723 3958 786 4019 quo
804 3940 878 4002 leno
897 3940 994 4002 natali
1013 3958 1069 4000 suo
1079 3937 1236 3999 utebatur.

273 4041 360 4115 Quod
389 4054 490 4106 autem
520 4046 740 4109 animadvertit
764 4047 910 4122 Bothius,
942 4046 1160 4128 sycophantam
1179 4045 1238 4107 lin·
