3275 5117
716 574 769 649 47

321 842 373 886 ns.
388 810 907 901 Atdnbit,psrabit:aiiqnotinos
919 813 993 879 dies
1003 816 1226 887 mentemodo:

266 940 320 1003 50.
331 932 418 1001 Nem
440 928 498 995 hie
510 928 547 993 id
557 929 701 1007 metuit,
726 947 768 993 ne
779 924 876 992 illem
887 926 1011 994 vendes
1022 928 1064 994 eb
1076 931 1229 999 simnlte·

1046 1057 1229 1113 temsnnm.
1334 1076 1380 1115 ,-

215 1236 218 1241 ,
326 1180 381 1225 nn.
403 1156 483 1224 Fuit
493 1155 626 1222 neessio
639 1199 651 1234 ,
665 1154 698 1219 si
711 1150 816 1220 vellet
827 1154 1049 1242 ,jampridem
1060 1172 1230 1245 argentum

1074 1282 1112 1333 nt
1123 1268 1228 1337 deret.

323 1407 379 1454 cs.
403 1382 494 1461 Quid
506 1426 519 1465 ,
531 1384 565 1449 si
576 1402 641 1448 non
653 1378 782 1448 habuit
804 1399 861 1448 nn.
872 1380 1043 1448 Amebssd
1057 1384 1229 1450 invenires

1056 1508 1227 1579 mntnom,
1294 1530 1296 1532 ·

327 1612 382 1679 Ad
394 1613 559 1678 denistnm
571 1609 769 1689 devenires,
792 1607 931 1675 adderes
944 1606 1152 1675 dennsenlum
1166 1657 1178 1693 ,

331 1724 678 1814 surripuissespatri.
701 1744 752 1789 ns.
777 1721 970 1809 surriperet
979 1721 1035 1789 hio
1044 1727 1155 1810 potii,
1169 1747 1227 1792 en·

1014 1836 1227 1916 decissnmei

262 1956 317 2022 55.
328 1952 404 2022 Non
414 1950 603 2043 perieulum
616 1964 693 2035 est,
717 1973 760 2019 ne
772 1950 854 2040 quid
863 1963 954 2017 reete
962 1966 1139 2019 monstres.
1170 1976 1226 2022 ns.

893 2061 970 2130 Non
981 2061 1150 2132 lenonium
1161 2080 1226 2134 est.

344 2240 387 2296 49.
400 2260 432 2309 p.
450 2210 558 2309 deliquid
572 2240 600 2294 t.
618 2242 645 2292 d.
663 2243 773 2289 moneat
787 2254 825 2289 m.
859 2235 903 2289 52.
914 2250 976 2302 μοι
992 2234 1072 2287 inies
1086 2252 1134 2303 pro
1148 2253 1224 2289 σηο-

445 2336 501 2405 boe.
518 2362 551 2377 -·
569 2333 708 2386 invenires
724 2339 810 2385 teum.

297 2505 347 2566 to.
387 2502 518 2584 Recepi,
550 2520 644 2581 quom
663 2508 697 2560 et
717 2500 811 2560 Gron.
832 2494 930 2557 editio
950 2496 1063 2573 hebet,
1095 2501 1222 2580 eonJoe·

214 2670 216 2674 .
261 2618 362 2674 turam
383 2610 519 2691 Seioppii
540 2608 666 2687 aliquot.
707 2604 827 2685 Vulgo:

294 2796 295 2800 Ἰ
318 2716 361 2776 At
379 2716 478 2786 debit,
497 2714 625 2795 parebit
644 2711 765 2792 aliquid
784 2711 838 2771 hos
857 2710 939 2785 dies,
963 2722 1070 2774 monta
1090 2716 1186 2794 mode.

259 2824 375 2883 Comen.
396 2839 454 2900 pro
473 2820 596 2900 aliquid
614 2820 648 2879 in
668 2819 730 2880 suis
751 2818 841 2880 libris
860 2818 940 2899 legit
959 2820 1098 2900 aliquod,
1121 2844 1140 2885 e
1160 2845 1223 2907 quo

258 2947 348 2987 suum
375 2926 503 2986 videtur
527 2926 683 2987 invenisse
712 2926 891 3008 Scioppius3
924 2926 1049 2989 firment
1076 2931 1168 2994 Trno.
1189 2934 1221 2997 i.
1298 2938 1301 2943 ’

260 3035 290 3095 i.
314 3032 362 3095 19.
383 3032 437 3095 dos
452 3033 518 3093 dies
535 3032 674 3114 (aleones,⁸
694 3034 774 3097 dien.
796 3037 826 3097 5.
847 3036 877 3098 5.
899 3034 949 3096 t7.
971 3014 1091 3117 sliquos
1107 3039 1226 3120 eiqinti

262 3141 350 3215 dieu
371 3139 512 3220 hujsah.
536 3140 564 3201 1.
587 3142 615 3201 1.
638 3143 666 3201 7.
688 3142 756 3221 huj.
778 3162 820 3204 so.
843 3142 949 3202 ΜΠ.
970 3140 1050 3203 iden.
1072 3143 1100 3204 1.
1123 3144 1151 3206 l.
1172 3147 1223 3208 28.

300 3247 350 3309 Vs.
372 3249 421 3311 52.
449 3247 581 3312 amodes.
608 3247 676 3309 ilos.
706 3248 852 3309 nonnulli
871 3256 904 3309 et
923 3246 1014 3309 editt.
1035 3252 1109 3331 jem
1130 3252 1223 3313 tato·
1323 3240 1327 3245 ’

260 3376 327 3430 res,
350 3354 435 3436 quod
453 3354 535 3416 torte
552 3354 811 3437 amplectendum.
895 3414 899 3425 ,

300 3463 351 3525 Vs.
371 3462 421 3525 53.
433 3463 653 3542 fervunculum,
673 3481 737 3524 non
749 3459 990 3543 soenneeulum:
1010 3460 1074 3525 vid.
1095 3464 1223 3528 Rnhnk.

261 3568 301 3631 nd
320 3572 389 3633 Ter.
410 3570 533 3631 Phonm.
554 3570 590 3645 2,
617 3570 651 3645 1,
676 3569 725 3631 71.
943 3554 946 3559 ¹

302 3678 354 3739 Vs.
375 3678 425 3740 55.
446 3696 510 3736 non
522 3676 697 3759 perieulum
714 3684 776 3750 eet,
799 3681 861 3735 eto.
891 3674 992 3749 Quare
1010 3670 1088 3736 haec
1105 3675 1141 3736 in
1160 3697 1226 3739 om·

262 3784 356 3847 nibus
384 3784 475 3844 editt.
500 3803 558 3865 pen
577 3782 855 3865 interrogationem
874 3779 1059 3855 efferantur,
1089 3802 1153 3844 non
1178 3786 1227 3846 vi-

263 3890 340 3953 deo:
369 3890 470 3953 oratio
494 3901 582 3954 reeta
606 3892 689 3954 enim
715 3890 816 3952 multo
841 3887 1072 3952 ooneinniorem
1099 3892 1229 3972 praebet

262 3996 464 4059 sententiam:
486 4017 551 4060 non
565 3998 767 4063 metuendum
782 4006 847 4073 est,
869 4016 910 4058 ne
927 4004 964 4057 tu
981 3995 1228 4081 lenobeneqnid
1331 3994 1339 4004 ’

262 4111 427 4180 monstres,
452 4105 593 4177 suadeas,
