3275 5117
839 486 919 567 154

396 734 448 797 15.
461 753 511 797 rr.
534 730 679 817 Ecquam
702 730 737 795 ia
759 730 934 817 angiporto
950 726 1362 800 hoahomiaanttunorir·

1149 846 1202 911 tii
1225 858 1360 937 terogo.

458 978 513 1024 nt.
536 959 676 1045 Egomet
686 980 752 1025 mo.
772 982 823 1027 su.
838 960 943 1026 Pauci
955 957 1045 1025 istuo
1058 958 1362 1042 faciunthominar,

1028 1072 1117 1161 quod
1129 1086 1165 1139 tu
1176 1076 1363 1161 praedicas.

458 1184 544 1253 Nam
565 1189 600 1251 in
613 1187 685 1252 foro
695 1186 758 1252 vix
772 1184 925 1252 decimos
942 1187 1176 1273 quisquerat,
1200 1189 1259 1275 qui
1270 1191 1364 1276 ipsus

1133 1305 1365 1368 sassnovarit.

463 1436 514 1481 ra.
538 1412 656 1480 Salvos
680 1434 775 1482 sum:
795 1417 867 1500 jam
884 1411 1150 1501 philosophatur.
1173 1437 1225 1481 rr.
1248 1416 1365 1483 Homi-

785 1552 791 1567 ·
856 1548 1005 1615 namugo
1018 1528 1075 1594 hio
1088 1550 1210 1617 quaero
1220 1529 1364 1609 muium,

463 1643 680 1729 Lagirnpam,
696 1644 849 1729 impium,
862 1648 1045 1730 perjurum,
1058 1656 1158 1730 atque
1168 1643 1365 1731 improbum.

1023 1774 1079 1820 ns.
1103 1753 1361 1845 Mequaeritatr

404 1872 460 1934 20.
473 1864 559 1933 Nam
581 1863 644 1931 illa
665 1878 744 1931 runt
765 1879 1002 1954 cognomenta,
1025 1890 1142 1936 nomen
1166 1874 1367 1939 rimemoret

1258 1988 1369 2053 modo.

474 2095 515 2148 lo.
536 2104 567 2145 ta
583 2111 638 2147 stoa
655 2098 758 2147 uidisti.

403 2220 593 2280 tantumdem
622 2220 764 2301 accipies.
786 2250 826 2264 -
841 2219 941 2301 probi.
982 2219 1085 2280 Lamh.
1106 2218 1225 2279 insuia
1240 2220 1366 2281 videtur

403 2328 515 2407 iogisse
531 2327 659 2410 probus,
688 2326 772 2407 quod
792 2336 825 2386 et
845 2324 898 2387 cd.
919 2324 1013 2387 houd.
1033 2335 1066 2385 at
1086 2324 1162 2387 edit.
1183 2325 1290 2405 steph.
1310 2326 1368 2385 ha·

402 2435 489 2496 bent.
528 2434 700 2513 Utrumque
719 2443 805 2495 recto
824 2432 961 2493 dicitur:
979 2433 1070 2516 probi
1088 2433 1172 2493 enim
1191 2451 1248 2512 pro
1259 2433 1367 2515 probs,

403 2542 548 2623 quonium
576 2540 657 2602 nihii
685 2540 882 2622 frequentius
900 2540 959 2601 hoo
979 2559 1070 2614 aava,
1102 2560 1194 2620 qnam
1215 2562 1232 2599 e
1251 2549 1284 2601 et
1303 2543 1317 2600 i
1335 2540 1370 2599 in

403 2648 689 2721 terminationibus,
729 2648 829 2709 dativi
856 2647 999 2729 inprimis
1027 2657 1060 2708 ot
1087 2647 1165 2719 ahi,
1194 2650 1369 2729 promiscua

403 2768 584 2839 usurpatae:
625 2756 666 2818 oi.
697 2758 807 2817 Osann.
837 2756 925 2817 anal.
957 2756 1031 2817 erit.
1061 2776 1092 2836 p.
1123 2756 1196 2830 123,
1228 2766 1261 2817 ot
1292 2758 1367 2833 1923

404 2864 493 2924 Both.
515 2864 553 2925 ad
573 2865 658 2943 Gopt.
680 2863 761 2924 Proi.
782 2864 829 2925 15.
846 2863 950 2925 inhao
962 2864 1024 2925 iah.
1038 2865 1068 2925 i.
1088 2866 1116 2925 7.
1134 2864 1187 2936 79,
1206 2875 1240 2924 at
1258 2866 1288 2926 5.
1300 2866 1368 2925 Lo.

432 2971 494 3039 ,Vs
517 2972 564 3030 18.
580 2974 651 3051 jam
667 2957 920 3051 philosophatur:
949 2972 994 3033 sio
1015 2973 1100 3052 capt.
1122 2972 1159 3045 2,
1190 2972 1227 3044 2,
1256 2972 1314 3031 3t.

447 3076 542 3139 Solva
563 3096 611 3135 ror
632 3086 698 3135 aot:
712 3076 947 3158 philosophatur
965 3097 1080 3155 proptor
1093 3081 1180 3158 joar,
1203 3097 1267 3136 aon
1285 3097 1370 3136 maa·

690 3178 693 3181 ’
993 3236 997 3241 ,
1129 3186 1190 3245 dor
1208 3184 1294 3243 modo
1313 3193 1370 3244 ort.

350 3358 353 3363 ‚
407 3290 624 3373 Philosophori
651 3289 733 3371 apud
760 3290 904 3353 Plautum
933 3302 980 3353 est
1009 3292 1094 3353 inter
1117 3293 1206 3371 jooos
1226 3290 1306 3351 seria
1325 3290 1371 3350 lo·

407 3400 479 3481 qui,
526 3409 559 3460 ot
595 3397 661 3458 sora
691 3398 897 3479 sophistarum
925 3418 1011 3460 moro
1040 3398 1195 3479 argutari,
1236 3406 1372 3476 captare.

407 3508 500 3570 Mero.
543 3507 576 3581 l,
615 3506 651 3580 2,
691 3508 740 3570 36.
791 3507 842 3569 Sin
870 3506 950 3569 Rnd.
980 3508 1014 3579 i,
1053 3507 1090 3580 3,
1122 3507 1162 3567 t7
1187 3500 1372 3587 philosopho.

408 3616 463 3677 llio
493 3624 595 3677 tamen
616 3623 648 3675 at
670 3616 755 3696 Capt.
778 3616 848 3677 ioco
863 3612 1076 3698 philosophari
1094 3612 1159 3674 dici
1178 3612 1303 3673 ridetur
1321 3629 1377 3669 va·

409 3731 541 3796 temtor,
570 3722 625 3803 qui
644 3722 835 3784 sermonibus
854 3719 943 3781 soriis
961 3718 1057 3779 alimur
1076 3717 1222 3799 dooiparo
1241 3716 1355 3779 studet.

409 3848 417 3855 ’·
448 3828 498 3891 Vs.
520 3830 569 3891 20.
598 3829 635 3889 ln
656 3829 731 3891 odit.
753 3829 861 3909 Stoph.
882 3834 1078 3907 oopoomrsrta
1098 3824 1192 3898 mihi,
1217 3823 1302 3905 quod
1320 3841 1377 3902 por

343 3942 364 3959 ·’
408 3936 669 3997 matrum‘abossa
688 3958 751 4000 nou
769 3944 883 4017 potost.
924 3933 1009 3994 Idam
1030 3933 1126 3994 sentit
1145 3931 1290 4004 Bothius,
1321 3928 1377 4007 qui

408 4040 448 4100 da
468 4061 523 4103 suo
542 4042 662 4105 addidit
680 4048 733 4107 κη’.
