3275 5117
718 490 772 566 59

398 810 550 881 ACTUS
574 810 712 879 PRlMl
736 808 889 879 SCENA
911 807 1098 879 TERTIA.

445 1057 659 1125 GAMDQRM,
682 1055 904 1114 renuuntur,
926 1015 1062 1101 namuro.

329 1258 496 1329 Pseudolo
509 1305 521 1340 ,
535 1280 600 1325 non
612 1259 708 1324 audis
723 1280 806 1345 quae
817 1257 874 1324 hic
886 1256 1059 1349 loquitur?
1086 1282 1138 1327 rs.
1161 1260 1233 1328 Au-

490 1374 546 1439 dio
558 1374 638 1439 here
649 1372 783 1463 quidem
790 1419 802 1453 ,
815 1384 915 1462 atque
926 1377 1071 1439 animum
1082 1374 1230 1442 advorto.

327 1511 383 1558 cr.
408 1488 499 1567 Quid
509 1490 595 1554 mihi
609 1510 645 1554 es
659 1500 792 1567 auctor,
805 1486 885 1553 huic
897 1490 1082 1570 utmittam,
1095 1510 1136 1555 ne
1147 1492 1231 1555 arui·

756 1600 1231 1688 cumhicmeamprostituatl

324 1741 374 1786 rs.
398 1716 669 1786 Benecurassis:
691 1713 871 1802 liquidoes
884 1715 1013 1783 animo:
1036 1736 1098 1802 ego
1107 1737 1169 1801 pro
1179 1737 1233 1783 me

935 1842 969 1894 et
979 1850 1040 1915 pro
1051 1841 1086 1895 te
1098 1830 1231 1897 curabo.

349 1964 376 2015 3.
395 1962 440 2017 Gd.
457 1961 572 2013 Ambrae.
590 1960 663 2011 cilc'l
679 1960 807 2013 maccus.

278 2111 354 2173 -Va
386 2112 414 2173 1.
442 2112 515 2173 lere
546 2112 687 2191 quidem,
725 2110 841 2170 mirum
875 2108 910 2168 ni
934 2108 1230 2189 Plautus-scripsit:

267 2219 367 2280 hercle
383 2221 523 2300 quidem,
545 2219 598 2279 rel
616 2217 716 2278 hercle
733 2217 883 2296 equidem.
1220 2289 1222 2292 Ι

305 2328 356 2389 Vs.
383 2329 413 2390 3.
442 2328 518 2387 deae
540 2327 687 2387 coruscis.
736 2324 834 2401 llajus
858 2340 876 2382 a
898 2340 954 2381 suo
978 2321 1064 2381 citit
1077 2324 1233 2397 occursio,

264 2434 317 2495 oui
341 2434 494 2514 originem
523 2432 639 2493 debere
655 2430 800 2491 existimo
815 2427 973 2506 vulgatam
990 2446 1030 2487 ex
1045 2429 1236 2509 interpretu-

265 2540 351 2602 tione
375 2549 490 2601 natam.
540 2537 667 2597 Veteres
694 2534 777 2595 euim
802 2533 1079 2613 praetermodum
1105 2536 1233 2613 εὐφημεῖν

263 2647 448 2725 gestientes,
481 2646 613 2726 optimae
636 2661 694 2723 pro
718 2641 841 2713 aulius,
878 2651 958 2701 recte
981 2662 1040 2724 pro
1066 2643 1150 2703 citu
1165 2662 1232 2704 res·

263 2750 401 2829 pondero
436 2758 663 2810 consueverant
695 2746 1007 2827 interrogatiunculis
1038 2749 1122 2812 vitae
1147 2770 1232 2811 com·

265 2856 377 2915 munis.
415 2855 579 2936 Complura
595 2856 690 2935 hujus
706 2856 801 2917 moris
818 2856 890 2916 vide
907 2858 1048 2939 exempla
1063 2878 1082 2919 a
1099 2859 1231 2920 Gronor‘.

265 2960 304 3022 ad
335 2962 420 3041 Capt.
447 2962 476 3021 2.
504 2963 533 3023 2.
565 2963 632 3024 Iol.
660 2963 810 3025 collecta:
845 2964 886 3025 el.
914 2965 1016 3026 Bentl.
1044 2964 1083 3026 ad
1106 2966 1230 3027 Terent.

265 3067 373 3128 lleaut.
404 3068 433 3127 3.
464 3070 493 3129 2.
521 3071 549 3129 7.
581 3070 737 3146 Quomodo
766 3071 876 3135 Graeci
898 3072 933 3132 in
957 3072 1064 3135 eadem
1081 3091 1132 3146 re,
1161 3069 1234 3132 'ride

265 3174 347 3254 apud
365 3174 624 3249 laetaturae.
644 3177 721 3239 Rau.
741 3178 817 3253 508,
848 3180 974 3243 Casaulr.
995 3180 1081 3241 Lect.
1100 3178 1230 3241 Theoer.

264 3301 292 3344 o.
321 3283 367 3343 16.
394 3282 463 3344 init.
1186 3304 1191 3315 ·

307 3389 424 3467 Quibus
447 3390 509 3452 nisi
536 3392 645 3454 induci
672 3401 704 3453 te
731 3392 860 3473 patiaris
881 3402 918 3453 ut
940 3393 1059 3467 eredas,
1098 3392 1174 3450 deca
1193 3410 1233 3450 cx

265 3496 349 3560 citit
373 3498 574 3579 depravatum
602 3518 682 3574 esse,
724 3499 892 3561 dicendum
915 3500 1012 3573 sorte,
1050 3519 1089 3560 ex
1109 3498 1232 3558 diverso

265 3602 353 3665 sonte
370 3624 508 3667 manasse
529 3615 696 3685 utramque
721 3606 897 3669 lectionem.
937 3605 1064 3666 Diversa
1081 3603 1164 3663 enim
1176 3621 1231 3661 ex·

265 3710 415 3791 emplaria
455 3713 678 3787 nonnullarum
712 3713 889 3777 fabularum
925 3712 1100 3785 exstitisse,
1149 3708 1234 3769 haud

264 3818 432 3881 absurdum
466 3830 514 3881 est
546 3822 693 3896 credere,
730 3821 979 3901 quandoquidem
1003 3818 1128 3880 fabulae
1154 3815 1234 3878 acti·

265 3942 324 3983 one
353 3927 474 4007 saepius
506 3930 660 4010 repetita,
696 3928 885 3990 histrionum
903 3926 1070 3989 accedebat
1093 3925 1233 4005 interpo-

263 4028 358 4106 latio,
391 4050 454 4110 qua
470 4053 528 4115 pre
546 4036 651 4099 lubitu
674 4046 707 4097 et
729 4035 887 4099 commode
911 4054 968 4097 suo
985 4042 1066 4095 totos
1083 4031 1165 4095 locos
1180 4050 1233 4092 re·
