3275 5117
695 496 765 605 ur

318 766 531 837 confidentia
546 763 605 833 ‘est
622 768 777 833 inimicos
790 788 881 833 meos
892 790 945 834 rue
954 792 1054 857 posse
1065 768 1215 860 perdere.

318 882 352 949 N
354 905 416 950 unc
428 882 485 948 ibo
496 881 538 946 ud
549 883 656 949 forum
670 924 680 959 ,
704 894 803 967 utque
815 882 957 947 onerabo
967 885 1051 950 meis
1063 908 1218 974 praecep·

992 1000 1039 1063 tis
1053 998 1192 1065 Simiam
1205 1047 1216 1078 ‚

255 1114 311 1178 75.
324 1109 415 1186 Quid
439 1124 537 1199 aget,
562 1130 604 1175 ne
627 1108 709 1196 quid
720 1107 866 1187 titubet,
888 1109 982 1175 docte
993 1124 1030 1174 ut
1041 1110 1124 1176 hanc
1134 1114 1221 1177 ieret

995 1210 999 1220 ’
1037 1221 1218 1289 fallaciam.

316 1340 390 1405 Jem
412 1363 474 1427 ego
497 1339 558 1403 hoc
583 1340 694 1425 ipsum
713 1335 870 1422 oppidum
891 1348 1116 1423 expugnatum
1137 1338 1218 1401 faxo

958 1450 1024 1513 erit
1035 1448 1215 1515 lenonium.

309 1670 313 1682 ·
363 1660 515 1747 serus
537 1640 740 1744 rnurms
764 1670 1100 1741 scrutemur.

684 1868 787 1913 PUER·

313 2007 378 2074 cut
400 2007 597 2073 servitutem
618 2001 666 2067 Di
689 2001 813 2065 denunt
833 1998 1000 2066 lenonium
1227 2077 1230 2081 ι

315 2123 447 2202 Puero,
473 2135 573 2209 utque
597 2117 705 2184 eidem
727 2118 761 2181 si
781 2113 906 2179 addunt
928 2116 1191 2201 turpitudinem,

335 2292 377 2345 76.
395 2293 566 2343 lenocinium.
604 2289 628 2341 1.
647 2290 692 2338 oui
707 2288 866 2337 servientem
881 2287 931 2338 dit.
949 2287 975 2337 d.
993 2285 1091 2341 lesam.

251 2482 282 2531 et
311 2472 452 2532 bochoris
487 2473 596 2531 deutra
621 2466 748 2527 meliora
775 2466 878 2525 videri
902 2466 1045 2540 affirmat,
1085 2468 1214 2531 Romani

246 2590 350 2641 tomen
379 2578 550 2638 innumeris
578 2574 655 2635 loeis
689 2572 729 2633 od
760 2572 935 2651 exemplum
961 2574 1212 2638 Graecorumsi·

247 2686 347 2744 nistra
362 2684 539 2741 habuerunt
556 2680 706 2752 infausta,
729 2699 759 2739 v.
781 2699 809 2739 c.
828 2680 951 2759 quando
967 2680 1133 2761 scriptores
1149 2684 1212 2745 Ro-

249 2788 334 2849 mani
359 2789 488 2849 Graecos
510 2788 681 2848 inducunt:
712 2786 753 2848 ci.
782 2786 869 2847 Ovid.
895 2788 964 2849 Her.
992 2790 1021 2850 2.
1051 2790 1124 2865 115,
1156 2793 1212 2854 ubi

250 2894 359 2955 avibus
379 2896 520 2954 sinistrae
538 2896 572 2954 in
591 2895 702 2955 malem
718 2902 849 2974 partem.
890 2895 1017 2956 Plautus
1034 2897 1134 2977 igitur
1151 2899 1211 2961 im·

249 3022 383 3077 memor,
432 3001 517 3082 quod
551 3000 636 3063 houd
671 3022 760 3076 raro,
798 3021 943 3082 personas
967 3022 1036 3065 suus
1059 3024 1152 3085 ogere
1176 3008 1211 3068 in

252 3111 395 3185 Graecia,
434 3110 468 3168 in
491 3109 602 3170 bonam
621 3118 742 3189 partem
760 3109 863 3169 utitur
882 3111 934 3170 coi
953 3112 1094 3173 sinistro.
1136 3113 1213 3175 iiiuc

246 3216 377 3278 fortasse
404 3236 529 3289 cccccc,
571 3234 651 3295 quoe
676 3216 802 3295 proprie
830 3225 877 3277 est
895 3237 967 3296 pars
985 3218 1127 3293 sinistra,
1158 3220 1213 3281 sed

243 3324 390 3404 deinceps
406 3343 464 3405 pro
482 3342 679 3404 quocumque
698 3322 800 3383 omine
818 3323 882 3384 dici
899 3325 1016 3404 coepit,
1038 3325 1073 3384 in
1089 3336 1208 3388 utram-

246 3451 310 3512 que
329 3431 450 3514 pertem
467 3440 645 3511 usurpatur.

233 3544 244 3589 Ἀ
287 3539 338 3601 Vs.
368 3538 715 3619 resequestrabat,
745 3558 786 3597 ne
803 3555 867 3615 qua
884 3539 919 3598 in
937 3557 973 3599 re
990 3539 1130 3601 incertus
1151 3542 1213 3616 sit,
1275 3619 1277 3623 ,

246 3646 298 3709 vol
326 3666 367 3707 ne
394 3645 472 3725 quid
497 3654 623 3727 peccet:
664 3647 797 3707 titubare
826 3646 910 3707 enim
928 3647 1070 3724 quamvis
1087 3651 1214 3729 proprie

246 3754 341 3834 pedes
367 3754 542 3829 dicuntur,
573 3740 886 3819 tronslatum'tumen
913 3754 953 3814 do
977 3755 1088 3834 quovis
1107 3774 1214 3819 errore

247 3871 428 3945 usurpetur,
469 3863 562 3924 etiam
588 3862 628 3923 de
655 3864 763 3944 lingua
788 3862 940 3924 erranti:¹
965 3862 1007 3924 ef.
1028 3862 1153 3925 liuhnk.
1174 3866 1214 3928 ud

250 3968 323 4031 lint.
353 3969 429 4051 Lup.
450 3989 481 4052 p.
505 3970 581 4047 112;
608 3969 766 4032 Westorh.
787 3971 825 4031 ad
845 3972 970 4033 Terent.
990 3971 1099 4033 Hoout.
1119 3973 1153 4047 2,
1177 3974 1212 4049 3,

254 4072 321 4135 120.
342 4104 383 4123 ·-
403 4076 511 4149 Feret,
543 4076 760 4156 quod'hubent
778 4077 845 4141 ides.
865 4087 898 4139 et
914 4077 1083 4155 editiones,
1111 4079 1213 4144 locunt
1263 4100 1267 4107 ·
