3275 5117
705 492 775 569 181

320 740 409 809 Num
420 757 496 805 mee
508 729 861 822 gntiepcrtimesciti
879 733 987 819 magis
1000 734 1135 819 cogite,
1151 756 1224 801 sse·

742 846 831 910 viter
842 842 1052 911 blanditemc
1063 845 1225 936 alloquar.

323 965 390 1033 Sed
401 964 462 1029 hec
475 982 526 1027 me
538 971 629 1027 vetet
640 962 709 1025 vim
720 958 833 1024 iecere
844 979 956 1036 nunc,
975 962 1062 1047 quod
1074 963 1170 1044 iere,
1194 967 1226 1030 si

718 1094 783 1161 qus
794 1074 830 1137 in
839 1076 903 1137 hcc
915 1095 993 1159 spes
1006 1076 1118 1139 sita'st
1129 1077 1227 1142 mihi.

282 1196 314 1259 5.
324 1214 376 1262 rr.
400 1190 466 1257 Vir
487 1187 595 1256 mulus
608 1189 679 1254 rire
690 1202 824 1274 optume
835 1184 967 1251 ebriam
978 1188 1018 1251 it.
1033 1208 1076 1253 rr·
1089 1186 1137 1252 Di
1148 1199 1227 1253 tee-

474 1316 585 1383 ment,
598 1298 781 1368 Pseudolo:
793 1299 895 1385 pharii
909 1302 945 1365 in
956 1300 1075 1365 maiam
1085 1323 1228 1366 crucem.

323 1442 375 1486 rr.
399 1418 468 1487 Cur
479 1440 558 1504 erge
570 1438 622 1483 me
634 1414 789 1483 afflicteri
804 1438 847 1480 ss.
862 1411 952 1490 Quid
966 1427 1014 1493 tu,
1027 1412 1162 1495 melum,
1177 1440 1229 1482 cr-

629 1574 632 1583 .
684 1531 773 1617 goin
785 1550 823 1593 os
835 1528 921 1593 mihi
933 1528 1046 1594 ebrius
1060 1530 1229 1595 inseras?

329 1736 355 1784 3.
373 1748 457 1783 meam
473 1733 604 1798 creticus.
644 1731 668 1780 4.
681 1731 743 1795 jam
753 1732 850 1796 facere
866 1744 948 1779 nunc.

332 1829 360 1878 5.
378 1828 497 1876 rediise
514 1842 549 1875 m.
568 1840 590 1874 c.
625 1826 652 1875 6.
671 1826 792 1888 afflicter.

264 2006 383 2077 ebriae,
425 2004 508 2083 qued
537 2005 563 2064 si
592 2002 809 2075 adtendamus,
846 2007 944 2066 multa
971 2004 1064 2065 facile
1083 2007 1231 2087 expeditu

262 2112 468 2185 videbuntur,
501 2130 580 2190 quae
600 2111 704 2172 statim
723 2111 881 2191 legentem
900 2120 1070 2174 morentur.

302 2219 350 2281 Vs.
381 2222 410 2282 3.
440 2241 515 2280 cum
541 2240 608 2279 inec
634 2221 754 2299 qratia,
784 2220 901 2280 arctius
921 2240 992 2281 cum
1017 2221 1230 2283 antecedenti-

263 2327 321 2387 bus
347 2337 419 2389 sunt
437 2326 669 2389 connectenda:
700 2326 761 2387 hoc
778 2327 861 2386 enim
878 2326 947 2386 vult
965 2326 1064 2387 Simo:
1092 2346 1131 2388 ex
1148 2337 1231 2390 statu

261 2436 425 2515 magnifice
448 2435 529 2495 servi
545 2433 629 2495 haud
646 2433 740 2493 facile
758 2433 874 2492 viderit
891 2432 980 2510 quis,
1006 2434 1097 2494 illum
1120 2420 1231 2505 timere

260 2540 449 2599 simultatem
466 2538 552 2609 heri,
577 2538 709 2599 fallaciis
727 2539 790 2599 suis
807 2538 1024 2601 circumventi.

299 2644 349 2703 Vs.
371 2644 400 2703 3.
431 2644 529 2723 magis
549 2642 665 2721 capito:
695 2641 765 2701 ideo
784 2642 881 2721 magis
901 2644 995 2704 ctiam
1016 2644 1129 2705 dubius
1149 2664 1227 2707 sum.

302 2750 351 2809 Vs.
375 2751 403 2810 i.
425 2752 454 2809 ri
474 2769 533 2829 qua
552 2750 589 2808 ia
610 2749 664 2809 doc
684 2770 768 2831 spes,
793 2759 854 2811 etc.
875 2751 898 2812 i.
908 2760 1126 2832 carpentum,
1147 2753 1232 2833 quod

260 2856 345 2932 sere,
367 2876 429 2919 nen
451 2857 543 2930 sinit,
564 2876 614 2917 me
634 2856 683 2917 illi
703 2857 766 2917 vim
785 2856 905 2918 inferre
915 2877 1016 2919 nunc:
1039 2858 1101 2918 nisi
1110 2858 1232 2921 scilicet

260 2982 343 3043 spem
372 2962 450 3023 mihi
469 2963 650 3044 praecidere
671 2965 781 3038 velim,
814 2974 935 3045 partem
954 2965 1061 3026 saltem
1081 2969 1233 3046 pecuniae

259 3050 426 3151 premissae
445 3071 523 3131 mihi
544 3072 698 3133 servandi.

215 3186 219 3192 '
300 3178 350 3243 Vs.
381 3180 410 3239 5.
442 3178 487 3238 Di
515 3188 544 3238 tc
565 3191 677 3241 ament.
719 3183 797 3242 Dum
817 3182 877 3243 hoc
897 3182 974 3245 dicit
994 3185 1092 3258 Simo,
1124 3193 1232 3246 ructa·

262 3295 314 3346 tur
342 3286 529 3349 Pseudolus:
571 3288 610 3350 ad
638 3289 720 3369 quod
752 3291 850 3365 Simo,
882 3292 1033 3372 propositi
1052 3293 1227 3363 immemor,

264 3392 377 3454 blande
415 3394 506 3454 illum
543 3395 735 3476 excipiendi,
786 3395 890 3458 subite
918 3397 1096 3477 indignatus
1125 3395 1229 3456 addit:

263 3500 318 3559 red
343 3502 358 3559 i
384 3502 422 3561 in
451 3501 560 3562 melam
585 3509 728 3563 erucem!
765 3504 815 3565 Sic
844 3504 927 3563 enim
954 3506 987 3562 in
1009 3504 1061 3563 ed.
1083 3501 1176 3564 dead.
1199 3512 1232 3562 et

167 3648 175 3657 ,.
264 3609 370 3691 Steph.
392 3611 504 3672 melius
523 3611 587 3691 legi
605 3620 690 3692 puto.

303 3718 353 3779 Vs.
376 3720 405 3779 6.
428 3740 483 3779 cm·
503 3740 574 3799 erqo
590 3740 637 3779 me
658 3721 803 3800 afflicter:
825 3737 947 3779 sensum
966 3736 1030 3777 nen
1048 3716 1159 3790 habet,
1192 3716 1232 3779 ed

264 3845 328 3905 seq.
367 3828 498 3889 Simonis
536 3829 630 3891 verba
658 3830 873 3910 quadrantem.
923 3825 1009 3885 Libri
1037 3824 1090 3886 alii
1120 3823 1230 3886 aliter:

219 3952 224 3961 ·
265 3936 408 4012 afflicter,
433 3946 466 3997 et
482 3939 820 4021 cercpomeafflictem:
842 3934 1093 4015 interpretesrua
1102 3931 1230 3995 addunt.

264 4038 424 4119 Suspicor,
465 4044 609 4105 Plautum
637 4045 808 4125 scripsisse,
851 4040 935 4124 qued
964 4051 1011 4103 est
1039 4043 1072 4101 in
1098 4042 1151 4104 iis.
1171 4042 1233 4102 no.
