3275 5117
872 536 926 615 23

342 850 350 865 Ι
428 818 432 827 ·
456 838 459 845 r
480 784 566 853 Nam
576 780 774 851 mihihodio
794 778 1379 863 netoliadieeeotsdooeteonom·

513 968 516 975 .
993 898 1379 971 neovooeooeelebrare.

439 1040 442 1049 ¹
478 1014 643 1092 Pernam,
669 1007 815 1089 callum,
839 1006 1033 1097 glandium,
1055 1030 1196 1090 nomen,
1218 1016 1323 1084 tacito
1342 1020 1379 1085 in

502 1210 505 1217 Ι
662 1202 665 1217 ,
867 1144 953 1210 aqna
958 1127 1114 1209 jaceant:
1138 1129 1239 1194 satin'
1252 1131 1377 1199 audiri

477 1238 661 1331 Magnifice
681 1236 758 1306 volo
774 1237 865 1303 enim
884 1239 1129 1305 aommoeviroo
1141 1242 1317 1329 occipere,
1340 1260 1379 1313 nt

446 1444 447 1451 ἵ
961 1350 1050 1416 mihi
1059 1373 1129 1419 rom
1142 1376 1219 1421 eoae
1228 1372 1374 1425 reantur.

412 1470 571 1542 35.lntro
593 1468 710 1550 abite,
732 1479 831 1555 atque
852 1464 934 1535 haee
945 1466 1014 1531 cito
1023 1465 1210 1549 celebrate,
1233 1492 1375 1540 nemora

638 1574 641 1579 '
868 1602 953 1668 qnae
963 1582 1146 1663 sit‚eoeua
1157 1590 1373 1670 conveniat,

512 1729 556 1782 35.
580 1726 652 1777 abest
667 1740 743 1791 quae.

409 1896 481 1941 mox
500 1877 587 1940 addit
604 1876 695 1951 leno,
726 1894 759 1936 oo
778 1893 893 1954 ooquos
912 1872 1137 1935 adducturum
1166 1860 1254 1939 doato
1271 1887 1373 1942 nmen

408 2005 467 2067 pro
496 1984 666 2065 eleqootio,
693 1982 807 2071 polito,
838 1980 933 2062 plane
958 2000 1136 2043 aeerrnone
1154 1984 1298 2046 Plautino
1316 1988 1372 2049 ab·

407 2094 528 2153 horret.
579 2092 665 2151 Serv.
693 2087 733 2151 ad
760 2088 846 2168 virg.
874 2086 950 2149 Aen.
972 2087 998 2148 l.
1027 2089 1086 2149 i82
1111 2088 1238 2150 videtur
1262 2092 1375 2171 legisse

406 2209 580 2279 unctoque:
612 2206 696 2259 totus
714 2214 823 2257 versus
843 2204 946 2258 tamen
967 2204 1090 2256 tantum
1107 2205 1245 2258 mutatus
1264 2216 1283 2260 a
1301 2198 1372 2261 vul-
1464 2245 1467 2250 .

407 2316 480 2387 gato
508 2306 635 2387 prodit,
676 2313 713 2367 ut
738 2304 825 2365 hune
852 2320 892 2363 ex
919 2302 1069 2363 Serviano
1090 2303 1144 2363 vix
1164 2322 1372 2383 agnoscamus.

412 2412 567 2494 tinctaque
603 2430 678 2472 voro
704 2430 768 2471 non
794 2419 913 2471 temere
939 2409 1164 2487 rejiciendomt
1203 2431 1266 2473 non
1291 2413 1373 2474 mole

407 2521 491 2581 enim
511 2519 644 2601 quadrat
663 2518 703 2581 ad
722 2538 775 2593 ea,
798 2536 881 2600 quae
899 2538 943 2577 vo.
965 2537 1011 2597 oq.
1030 2518 1176 2598 legimns.
1214 2520 1370 2583 Vultleno

406 2629 509 2689 omnia
532 2628 636 2687 nitere
654 2626 753 2689 natali
772 2645 845 2699 ouo,
874 2644 979 2687 oorvoa
998 2646 1124 2706 quoque
1143 2636 1180 2687 ut
1198 2647 1231 2688 oe
1250 2636 1370 2708 ungant

401 2736 509 2812 jubet,
550 2734 696 2814 quoniam
724 2732 872 2807 decebat,
914 2752 1019 2794 omnes
1047 2733 1130 2794 diem
1148 2754 1239 2795 ouum
1258 2754 1370 2796 oonoe-

406 2840 539 2901 lebrare.
580 2840 790 2901 Pronuneiare
810 2850 914 2901 tamen
931 2840 966 2899 in
984 2860 1021 2899 re
1040 2840 1136 2901 dubia
1153 2860 1218 2901 non
1236 2841 1344 2902 audeo.
1437 2901 1439 2906 .

446 2946 497 3007 Vs.
518 2948 567 3008 35.
589 2945 748 3006 celebrate.
789 2946 927 3005 Verbum
945 2946 1115 3019 celebrare,
1144 2947 1211 3006 aine
1230 2946 1297 3008 ulla
1313 2966 1371 3009 no·

406 3055 492 3119 tione
519 3053 718 3132 frequentiae
738 3052 789 3112 vel
808 3052 888 3113 iacti
907 3053 1039 3132 alicujus
1058 3054 1194 3115 solennis
1212 3054 1297 3115 nude
1314 3074 1372 3136 pro

405 3182 542 3235 oerore,
582 3162 721 3241 efficere,
758 3177 926 3237 numquam
960 3160 1106 3241 ponitur:
1146 3161 1370 3243 nihilomagis

405 3289 481 3350 opus
501 3277 564 3342 est,
595 3268 754 3329 notionem
774 3269 945 3329 velocitatis
965 3268 995 3329 ei
1014 3268 1201 3343 obtrudere,
1224 3280 1261 3331 ut
1278 3290 1370 3352 prae·

404 3385 500 3437 eunte
528 3375 644 3449 Nonio,
686 3375 741 3435 alii
764 3376 962 3437 maluerunt:
993 3377 1157 3450 nimirum,
1187 3397 1232 3438 vs.
1253 3378 1296 3468 32Χ
1321 3378 1370 3438 di·

403 3494 491 3569 xerat
519 3486 609 3558 leno,
647 3504 752 3547 omnes
780 3505 884 3547 servos
909 3485 1023 3546 dooere
1049 3486 1268 3547 concelebrare
1287 3485 1371 3547 diem

400 3614 490 3657 suum
516 3594 670 3655 natalem:
702 3593 787 3672 quod
814 3613 877 3654 non
896 3593 956 3655 hoo
976 3594 1061 3667 vult,
1092 3604 1128 3654 ut
1147 3593 1287 3655 homines
1306 3604 1370 3655 tam

400 3703 539 3784 perditos
567 3722 638 3762 eum
668 3702 793 3762 summio
813 3701 890 3760 viris
910 3700 1086 3781 exciperet,
1116 3700 1170 3761 sod
1189 3710 1227 3761 ut
1245 3700 1370 3762 summio

400 3810 463 3871 illio
498 3810 575 3871 viris
603 3809 714 3883 omnia
733 3816 913 3880 verrerent,
952 3817 1205 3887 praetergorent,
1246 3817 1368 3867 sterne·

398 3927 485 3992 rent,
524 3927 605 3979 ete:
636 3918 697 3979 hoe
722 3914 814 3985 modo
835 3915 919 3975 servi
937 3914 1008 3976 heri
1026 3914 1109 3977 diem
1128 3916 1264 3977 natalem
1284 3916 1368 3977 oela-
1465 3985 1470 3991 ¹

398 4023 519 4085 braturi
554 4035 641 4086 sont:
683 4024 778 4085 talem
815 4023 876 4084 sibi
906 4023 1041 4085 animum
1066 4044 1149 4097 esso,
1187 4024 1247 4085 hoo
1275 4043 1368 4084 versu

395 4130 558 4192 manifesto
577 4130 783 4212 pronunciat(
