3275 5117
760 472 816 551 25

388 717 486 784 Nnne
498 736 539 781 ne
553 716 629 802 quie
643 713 770 778 dietum
781 709 851 777 eibi
861 686 982 799 neget,
1002 712 1078 778 dieo
1088 711 1240 779 omnibns
1254 761 1266 795 ‚

388 811 481 897 Pnbe
501 828 675 915 praesenti
695 827 733 890 in
755 827 937 920 eoneione,
960 828 1050 891 omni
1070 824 1215 914 populo,

301 947 376 1011 125.
388 942 552 1009 Omnibus
575 942 718 1018 amieis,
743 942 902 1026 notisque
923 940 1018 1007 edieo
1038 942 1148 1017 meio,

387 1055 626 1125 Inhonedient
649 1066 780 1119 ament
793 1066 952 1135 caveant,
975 1075 1017 1119 ne
1027 1053 1161 1119 credent
1170 1053 1268 1119 mihi.
1333 1106 1337 1115 .

241 1218 248 1231 .
358 1208 360 1215 ν
387 1192 442 1237 ei.
467 1170 528 1236 Sti
554 1182 626 1235 tneo
638 1168 776 1234 obsecro
788 1165 913 1233 hercle.
943 1189 1011 1233 nne.
1035 1166 1126 1244 Quid
1137 1171 1267 1256 negotii

825 1332 830 1341 .
944 1280 1021 1346 esti
1054 1300 1109 1346 oe.
1133 1279 1267 1345 Ostium

383 1399 531 1463 Lenonis
554 1396 696 1482 crepuit.
732 1416 782 1459 es.
808 1393 915 1460 Crura
935 1392 1109 1459 mavellem
1132 1391 1240 1458 modo.

383 1532 440 1580 oe·
464 1512 576 1600 Atque
597 1513 671 1597 ipse
695 1507 866 1597 egreditur
876 1511 1011 1596 penitus
1023 1511 1194 1594 perjurum
1205 1529 1259 1573 ee·

1188 1636 1259 1708 put.

392 1767 450 1822 126.
476 1766 547 1818 nbeet
562 1770 602 1818 io.

347 1918 410 1978 Sed
427 1927 624 2000 spectatores,
647 1928 709 1977 eo'e
729 1936 814 1976 eune
834 1916 1066 1989 nemiremini,

347 2024 434 2103 Quod
452 2046 516 2085 noo
535 2024 711 2107 triumpho:
735 2022 952 2105 peroulqetom
970 2032 1032 2097 eet,
1054 2022 1139 2081 eittt
1154 2042 1263 2081 moror.

344 2128 394 2192 vs.
418 2129 484 2193 l2t.
502 2128 582 2215 pule
596 2132 777 2214 praebenti:
794 2130 828 2189 in
844 2129 953 2188 multis
968 2129 1057 2189 editt.
1076 2138 1153 2189 vett.
1172 2129 1266 2190 verbe

305 2238 488 2319 transposito
511 2239 680 2318 leguntur,'
716 2236 828 2318 procul
844 2235 956 2310 dubio,
985 2244 1022 2296 nt
1038 2244 1138 2296 metro
1154 2255 1265 2296 oeneu-

303 2342 398 2407 letur.
440 2345 529 2405 Both.
557 2354 661 2407 tomen
679 2343 718 2405 ed
735 2342 806 2403 Aul.
833 2343 891 2403 108
906 2376 948 2388 -
966 2343 1040 2416 111,
1069 2343 1151 2425 pube
1168 2342 1200 2403 vi
1216 2363 1265 2404 ee-

304 2452 430 2529 qnentie
465 2451 598 2532 duplicis
633 2467 785 2511 consonae
825 2447 967 2509 ultimam
998 2448 1171 2529 producere
1205 2451 1264 2526 eit,

304 2560 387 2636 qnod
410 2558 553 2640 pluribus
570 2556 719 2637 exemplis
735 2556 846 2617 firmet.
888 2555 973 2615 Pube
986 2558 1160 2639 praetenti,
1182 2558 1267 2636 qnod

304 2662 410 2726 Festus
444 2684 500 2725 sno
525 2664 594 2725 loco
619 2662 803 2743 explicavit,
843 2662 957 2725 mirum
980 2683 1073 2743 quam
1102 2665 1265 2729 formulam

301 2770 432 2830 redolet.

342 2874 393 2937 Vs.
422 2874 488 2935 129.
518 2884 629 2953 etque:
656 2874 733 2937 hneo
758 2879 870 2958 copule
889 2880 997 2959 jungit
1015 2881 1177 2983 eeqpentie
1194 2900 1264 2944 enm

303 2981 356 3056 iis,
390 3000 472 3061 quae
496 2991 573 3077 'ante
591 2980 732 3046 Pseudoli
749 2986 1029 3067 interpellationem
1045 2988 1168 3051 dixerat
1185 2990 1265 3052 Celi-

303 3084 407 3149 dorns.
458 3089 610 3151 Continuo
626 3080 726 3171 igitur'
742 3095 881 3157 oratione
902 3094 979 3158 haee
1002 3095 1115 3157 dixisse
1137 3116 1265 3158 censen·

303 3196 360 3257 due
380 3204 445 3257 est:
479 3198 592 3259 ostium
620 3200 742 3261 lenonis
766 3202 908 3281 crepuit,
936 3211 1031 3281 etque
1054 3204 1121 3284 ipse
1141 3179 1264 3283 egredi-v

302 3311 356 3363 tnr
379 3311 441 3363 eto.
466 3337 508 3349 —
526 3306 655 3385 penitet
675 3312 841 3389 pensurum
865 3320 975 3390 capot:
1002 3308 1115 3371 Pareae
1131 3309 1165 3369 in
1181 3311 1264 3373 onti-

301 3408 448 3485 qniseimo
469 3429 525 3471 sno
541 3409 620 3491 legit
637 3414 724 3473 iet-ue
738 3417 865 3497 perjuri
883 3426 989 3496 eaput,
1015 3416 1111 3494 quod,
1139 3425 1266 3477 anctore

303 3502 445 3577 Acidalio
470 3516 572 3578 Divin.
599 3518 633 3578 in
659 3520 768 3582 Pseud.
787 3541 815 3582 o.
836 3522 849 3581 l
867 3531 961 3595 extr„
987 3521 1116 3583 sortasse
1130 3521 1264 3602 amploc-

302 3623 444 3684 tendum:
480 3644 552 3687 nam
571 3628 700 3707 ponitus
726 3632 892 3711 perjurum
922 3648 985 3688 non
1014 3629 1133 3709 placet:
1165 3623 1265 3687 simile

302 3729 444 3793 desidero
467 3734 651 3815 exemplum.
693 3735 953 3814 Frequentissime
976 3745 1081 3796 autem
1097 3735 1183 3794 intuo
1199 3754 1265 3795 mo-

303 3846 369 3907 tum
394 3838 434 3899 de
451 3840 521 3902 loeo
536 3847 641 3903 notat:
663 3845 793 3924 perjuri
811 3852 917 3924 capot,
942 3842 1036 3903 sicuti
1050 3850 1141 3924 ceput
1155 3841 1265 3919 eequi-

303 3944 381 4018 tioe,
409 3946 492 4026 apud
513 3946 603 4027 Prop.
622 3947 665 4008 11.
686 3949 733 4009 ld.
756 3949 805 4009 86.
847 3950 906 4009 Pro
922 3949 1050 4029 vulgato
1065 3947 1180 4011 militet
1198 3947 1264 4027 huj.
1394 4037 1400 4044 Ι

300 4047 363 4110 snb.
385 4050 412 4109 1.
430 4052 460 4113 5.
479 4050 528 4113 31.
546 4053 601 4114 nbi
619 4053 705 4129 vide,
735 4072 814 4135 quoe
830 4074 851 4115 e
866 4055 972 4117 Servio
988 4056 1091 4119 attuli.
