3275 5117
866 522 917 597 12

476 786 528 832 ra.
550 764 650 831 Licet
660 782 713 828 me
723 760 758 827 id
767 764 857 831 seire
870 760 952 849 quid
963 760 1102 828 sitinam
1114 774 1151 830 ta
1161 784 1215 832 me
1224 768 1381 839 antidhae

413 883 468 948 lt.
479 876 676 965 Supremam
697 876 848 943 habuisti
868 874 1022 941 comitem
1044 875 1199 943 consiliis
1222 882 1306 949 tuis.

477 1013 532 1061 ea.
554 989 649 1057 Idem
670 993 976 1059 animuanuneest.
1020 1010 1071 1057 es.
1093 992 1159 1059 Fae
1170 1013 1223 1060 me
1233 1009 1380 1080 eertum,

1120 1107 1202 1193 quid
1225 1109 1291 1176 tibi
1312 1126 1377 1179 est.

477 1220 603 1287 lavabo
624 1233 681 1285 aut
703 1242 763 1300 re,
786 1230 845 1284 aut
865 1239 987 1305 opera,
1015 1232 1072 1285 aut
1093 1220 1238 1288 consiliu
1258 1224 1356 1294 boun.

477 1356 534 1404 cr.
556 1331 648 1420 Cape
668 1330 729 1399 has
751 1330 917 1410 tabelias,
939 1344 1011 1399 tute
1032 1331 1112 1401 hine
1133 1350 1265 1404 narrate
1286 1339 1375 1421 tibi,

476 1446 571 1526 Quae
591 1466 645 1512 me
664 1446 803 1513 miseria
825 1459 860 1512 et
880 1467 959 1513 eura
980 1447 1215 1517 eentabeiaeit.
1247 1495 1255 1517 r

412 1569 527 1635 tems.
549 1560 626 1630 Mes
648 1561 715 1629 tibi
736 1573 892 1650 geretur:
927 1560 989 1628 sed
1009 1561 1091 1650 quid
1112 1562 1196 1647 hee,
1230 1567 1379 1655 qaaeaei

1105 1700 1163 1749 cr.
1188 1677 1279 1757 Quid
1300 1682 1377 1749 eati

475 1813 526 1859 rs.
549 1789 745 1879 Utopinor,
768 1802 931 1878 quaeruut
941 1787 1063 1859 literae
1073 1788 1137 1860 hae
1147 1792 1217 1858 sibi
1226 1791 1376 1875 liberes,

478 1994 519 2045 la.
546 1992 597 2043 tete·
610 1994 658 2044 eit.
695 1992 735 2043 18.
761 1989 887 2041 tabidius
903 1996 971 2044 tete.
989 1992 1054 2043 dine
1067 1990 1184 2042 nmio
1201 1999 1222 2043 t.

407 2188 526 2259 nesqne
559 2169 618 2231 sub
646 2169 777 2238 Veneris
809 2191 843 2231 sa
876 2190 943 2233 esse
974 2172 1105 2252 imperio
1132 2170 1377 2234 arbitrabantur.

385 2326 387 2331 ,
412 2279 564 2363 Vapulare
586 2296 646 2360 pre
669 2278 816 2339 misceam
827 2317 829 2321 -
841 2298 907 2338 esse
929 2278 1050 2359 saepius
1067 2278 1206 2339 oeeurrit
1221 2280 1304 2360 apud
1319 2281 1377 2342 Co·

407 2389 513 2451 mieos.
554 2388 644 2450 Cure.
662 2388 697 2463 i,
724 2388 757 2463 i,
792 2386 840 2449 12.

589 2494 741 2579 Vapulare
758 2516 813 2579 eqo
829 2505 859 2555 te
876 2493 1072 2556 vehomenter
1082 2494 1189 2579 jubeo.

407 2610 429 2667 i.
451 2624 483 2686 q.
505 2603 630 2666 Graeci:
659 2600 775 2681 σ’ίμώζε,
794 2608 899 2665 aaziae
917 2606 1019 2676 mepte
1035 2624 1068 2662 aa
1086 2605 1210 2663 mittiue
1230 2602 1271 2666 ei.
1293 2602 1373 2665 Seni.

407 2712 447 2775 ad
473 2711 554 2776 Fest.
583 2711 606 2773 i.
635 2728 665 2771 v.
700 2709 838 2793 Vapulat
866 2708 937 2769 iior.
957 2709 1020 2769 Sat.
1040 2707 1073 2781 Ι,
1099 2709 1153 2781 10,
1176 2708 1232 2784 91,
1251 2709 1375 2794 plorare

407 2816 507 2899 judeo.
535 2817 587 2878 Sie
605 2815 718 2899 nepem
730 2834 789 2896 pro
804 2815 910 2897 plere,
934 2816 1110 2897 peritior.
1131 2816 1253 2879 Phorm.
1275 2818 1312 2893 5,
1335 2819 1371 2892 d,

410 2927 463 3000 10,
495 2924 549 2985 ubi
567 2922 639 2984 vide
656 2921 758 2984 Bentl.
786 2921 839 2983 Est
856 2916 1100 2984 iare'servornm
1115 2922 1373 3004 significantiam,

405 3051 439 3095 se
456 3031 604 3093 herorum
618 3029 789 3092 aliorumve
803 3028 903 3089 minas
922 3049 1032 3110 parum
1050 3050 1174 3097 curare.

447 3139 498 3202 Vs.
519 3136 570 3202 21.
598 3138 708 3198 liberos
725 3146 895 3218 quaerant,
923 3136 1044 3219 phrasis
1061 3138 1289 3213 honestissima,
1311 3140 1374 3217 sig·

299 3240 301 3245 ’
404 3249 536 3310 nifieans
551 3245 715 3309 eonsilium
726 3246 938 3313 matrimonii:
968 3247 1062 3308 (iren.
1083 3245 1183 3307 Lente.
1203 3246 1249 3307 ΡΙ.
1269 3264 1301 3328 p.
1323 3244 1374 3304 78.

407 3355 496 3434 Quod
521 3354 663 3437 inprimis
689 3354 797 3415 videre
825 3354 902 3417 lieet
928 3373 968 3415 ex
996 3350 1313 3415 Gell.N.A.1v.3.
1337 3351 1373 3408 in

405 3482 496 3527 eausa
521 3462 650 3525 divortii
678 3462 861 3527 Carviliani:
890 3462 932 3523 ei.
962 3456 1060 3533 Fest,
1091 3458 1127 3518 in
1154 3476 1185 3518 v.
1206 3477 1371 3537 qaueeere:

403 3572 496 3635 Brisa.
524 3571 564 3633 de
592 3571 681 3646 ierus.
712 3570 765 3632 VI.
794 3591 825 3652 p.
856 3570 926 3632 517.
975 3566 1062 3626 Unde
1089 3563 1246 3643 Augustus
1273 3564 1372 3625 senile

404 3679 559 3760 quoddam
587 3678 768 3759 eonjugium
795 3677 947 3755 injustum
975 3671 1212 3754 pronunciarit,
1251 3672 1369 3732 virum·

403 3806 466 3868 que
493 3787 597 3848 dotem
617 3786 756 3848 retinere
775 3781 895 3855 vetuit,
925 3781 1083 3861 quianon
1103 3778 1310 3841 creandorum
1328 3779 1369 3839 li-

340 3904 343 3910 '
401 3888 548 3955 berorum
573 3911 665 3954 eausa
693 3890 928 3951 intercesserat:
963 3886 1064 3947 Valer.
1093 3886 1171 3949 Idex.
1200 3887 1271 3948 vll.
1299 3886 1370 3947 Η

400 3998 484 4062 aua
505 3998 622 4079 stips.
643 3996 683 4060 aa
702 3998 772 4057 rao.
794 3994 876 4057 nnn.
896 3994 948 4056 x1.
970 3995 1026 4067 27,
1049 3996 1105 4075 qu
1124 3976 1250 4076 egregii
1269 3994 1369 4055 mura

399 4104 438 4169 ad
457 4106 672 4170 illustrandam
691 4106 771 4167 hane
790 4102 955 4167 formulam
974 4103 1137 4184 eongessit.
