3275 5117
691 523 766 597 177

300 750 481 849 Postquam
492 781 575 845 opus
587 780 708 840 meum,
724 773 761 827 ut
773 759 880 841 volni,
892 782 988 829 omne
998 762 1202 852 perpetravi,

895 874 1048 943 hostibus
1061 880 1201 967 fugatis.

232 996 288 1059 25.
299 990 384 1057 lllos
395 990 610 1068 accubantis,
633 992 801 1077 potantis,
816 992 978 1071 amantis,
991 1014 1064 1058 oum
1077 999 1200 1061 scortis

297 1103 461 1193 Reliqui,
487 1118 521 1171 ot
541 1122 650 1171 meum
662 1117 807 1171 scortum
819 1103 969 1184 ibidem,
995 1105 1085 1170 cordi
1099 1122 1200 1195 atque

1014 1221 1197 1287 animosuo

296 1332 555 1421 Obsequentem
593 1334 653 1400 sed
675 1346 850 1421 postquam
873 1336 1079 1414 exsurrexi,
1102 1349 1198 1400 orant

912 1448 989 1514 med
1000 1449 1052 1513 uti
1062 1447 1193 1517 sultam:

290 1561 344 1630 Ad
367 1562 454 1629 huuc
475 1584 527 1628 me
538 1563 668 1628 modum
681 1561 806 1639 intuli,
832 1575 869 1626 ut
879 1559 952 1627 illis
965 1564 1196 1629 satisfacerem

721 1699 764 1743 ex
778 1675 983 1764 disciplinas
997 1680 1120 1766 quippe
1132 1701 1194 1765 ego

293 1849 337 1899 26.
374 1852 460 1901 corde.
494 1850 537 1901 27.
556 1857 636 1901 orout
652 1865 693 1899 ms
711 1852 741 1900 tsi
757 1856 796 1901 ot.
831 1849 875 1902 28.
893 1850 993 1911 intuli,
1010 1850 1069 1900 illis
1084 1851 1195 1916 satisfu-

364 1960 425 1995 ’σου
441 1947 552 1996 minime
571 1962 601 1995 eu
617 1944 780 2013 discipline:
798 1947 847 2013 qui
862 1960 917 2011 epo.

263 2126 312 2185 Vs.
332 2126 381 2186 26.
401 2128 506 2186 cordi:
523 2128 557 2186 in
578 2127 630 2189 cd.
651 2124 744 2187 Aead.
767 2134 799 2185 et
816 2123 1083 2207 inSteph.eorde,'
1107 2124 1191 2204 quod

222 2234 348 2312 egregie
373 2232 474 2294 firmat
491 2233 657 2295 lectionem
676 2232 836 2311 vulgarem
854 2232 1082 2312 epigrammatis
1099 2232 1191 2293 Plau-

222 2341 262 2413 ti,
294 2340 375 2404 Gell.
395 2343 430 2403 N.
449 2341 485 2402 A.
505 2341 531 2401 Ι.
551 2341 600 2401 tt.

260 2446 426 2528 Postquam
444 2457 540 2505 morte
557 2446 673 2505 doto'st
682 2444 832 2519 Plautus,
852 2445 1115 2526 comoediologet,·
1129 2455 1186 2505 ete.

218 2553 273 2612 ubi
298 2563 391 2610 morte
417 2570 474 2631 pre
501 2553 593 2611 morti
616 2561 744 2633 propter
772 2552 971 2614 insolentiam
994 2552 1070 2614 viris
1088 2553 1188 2613 doctis

215 2659 300 2721 haud
316 2660 469 2739 placuisse
486 2657 586 2719 video.

258 2762 308 2827 Vs.
338 2768 388 2827 27.
418 2768 487 2826 med
507 2770 557 2827 tttt'
575 2766 690 2827 saltem.
734 2766 786 2829 cd.
806 2767 899 2829 Aead.
915 2789 962 2827 me
980 2768 1064 2828 tior
1081 2790 1127 2828 s..·
1151 2768 1186 2827 in

134 2948 138 2957 .
213 2873 284 2935 aliis
299 2874 423 2951 seriptis
441 2884 472 2933 et
490 2873 565 2939 edit.
583 2896 630 2933 me
648 2875 683 2933 id
699 2884 735 2935 et
752 2896 777 2935 t.

256 2980 306 3042 Vs.
328 2980 377 3042 23.
399 3002 446 3040 me
464 2981 574 3043 intuli.
618 2984 659 3043 Se
676 2985 797 3062 inferre
813 2984 846 3044 h.
856 2984 877 3044 1.
894 2984 1019 3047 comicis
1027 2984 1186 3045 notissima

215 3090 343 3149 notione
362 3088 575 3171 superbiendi,
600 3092 762 3171 magnifiee
780 3102 871 3173 utque
891 3092 1016 3153 basilice
1035 3093 1185 3153 inceden-

85 3242 99 3264 ,,
215 3199 249 3256 di
268 3196 376 3257 venire
395 3197 525 3278 nequit:
557 3219 604 3257 me
627 3199 724 3259 intuli
742 3199 796 3261 hie
815 3208 864 3263 est
886 3220 962 3281 pro:
991 3211 1094 3274 motu,
1126 3200 1183 3260 ha-

215 3305 286 3366 bitu
323 3306 484 3367 saltatorie
521 3307 675 3386 processi,
715 3317 751 3369 ut
785 3309 850 3370 illis
878 3309 1105 3371 satisfacerem:
1145 3307 1187 3365 od

213 3414 296 3475 Itone
316 3414 437 3475 modom
455 3414 555 3494 igitur
574 3414 657 3476 ferte
677 3425 725 3476 est
743 3417 896 3487 δεικτικῶς,
918 3415 1012 3476 sicuti
1026 3416 1080 3475 hoe
1097 3412 1182 3471 modo

213 3541 258 3583 vs.
282 3522 332 3582 31.
374 3523 411 3582 In
430 3542 497 3602 sqq.
519 3542 576 3603 pro
593 3522 853 3602 interpretatione
873 3522 981 3601 Steph.
1001 3540 1109 3581 versus
1128 3540 1183 3599 ap-

212 3651 340 3711 ponam,
382 3652 420 3691 ex
458 3630 572 3711 quibus
606 3630 705 3691 nostri
732 3628 895 3691 manifesto
925 3628 1082 3707 corrupti,
1112 3646 1183 3686 sua-

211 3738 305 3799 dente
325 3757 451 3819 qneqne
471 3738 524 3801 Gd.
547 3738 640 3801 Acad.
814 3721 816 3729 ¹

253 3846 324 3907 Illis
345 3850 525 3927 satisfecere
545 3848 672 3907 minime
693 3868 730 3907 eo
750 3845 918 3928 disciplina
938 3844 1026 3924 quivi
1046 3863 1116 3923 ego,

255 3954 317 4031 Qsi
344 3956 484 4015 lenonem
511 3976 619 4038 cepere
639 3956 755 4017 didici:
780 3955 835 4017 sed
848 3952 1034 4037 polliolctim
1053 3953 1183 4014 amictus

255 4060 308 4119 Sie
327 4063 442 4123 incesti
464 4062 689 4136 ludibundum,

1016 4173 1060 4235 23
