3275 5117
738 478 815 553 179

345 719 523 809 Voluptati
536 714 652 805 edepol
662 716 736 783 fui:
756 716 797 781 ob
809 736 922 782 cecum
933 716 1031 783 datur
1042 716 1220 784 cantharus
1237 765 1247 798 ‚

971 831 1068 909 bibi3
1093 845 1255 899 commuto

282 952 336 1017 35.
347 947 446 1015 illico
458 945 622 1035 pellium,
644 944 730 1011 illud
741 945 853 1032 pooiri
866 967 874 1011 τ
889 946 968 1011 inde
979 945 1045 1011 lruo
1057 948 1133 1012 oxii
1150 994 1161 1027 ,
1180 970 1253 1013 cro·

840 1056 952 1147 polam
964 1058 1038 1124 dum
1052 1081 1248 1126 amoverem.

344 1176 440 1243 Nunc
453 1176 494 1242 ab
505 1175 586 1241 hero
597 1176 638 1240 ad
651 1176 766 1241 herum
778 1196 887 1240 meum
896 1180 1057 1262 mojorem
1069 1176 1168 1239 renio
1179 1176 1252 1242 foe·

879 1290 941 1355 dus
954 1301 1250 1372 commemoratum.

343 1408 481 1493 Aperite
496 1454 506 1487 ‚
531 1410 681 1495 aperite,
706 1406 789 1471 heus
804 1406 935 1471 SImoni
947 1426 999 1468 me
1010 1403 1130 1469 adesse
1143 1449 1153 1481 ,
1167 1406 1245 1493 quis

1081 1521 1249 1584 nunciate.

344 1693 387 1745 34.
406 1693 478 1745 abest
495 1694 557 1743 iiii.
592 1694 634 1744 35.
651 1696 741 1757 poeni.
776 1692 819 1743 37.
839 1692 899 1756 quie
916 1693 1039 1741 nunciat.

277 1883 332 1937 aut
359 1876 452 1937 altori
480 1875 677 1954 imponentis.
720 1876 796 1935 Cum
817 1873 904 1931 onim
924 1872 984 1934 sibi
1005 1872 1168 1931 silentium
1188 1870 1249 1929 im·

276 1983 447 2062 ponebant,
489 1982 629 2063 opposito
656 1980 695 2041 ad
723 2000 756 2041 os
784 1980 897 2059 digito,
928 1988 1084 2059 tamquam
1113 1976 1248 2037 ulterius

277 2109 448 2151 sermonem
467 2090 641 2171 procudere
661 2098 862 2162 vererentur,
887 2097 941 2149 aut
961 2106 1049 2159 cum,
1073 2085 1248 2166 quaedicta

278 2208 384 2273 erant,
408 2198 527 2261 indicta
545 2200 683 2273 vellent,
716 2207 771 2261 aut
791 2218 862 2259 cum
882 2216 920 2257 ex
940 2214 1082 2256 sermone
1099 2211 1247 2274 proesen-
1317 2231 1322 2238 ,

278 2316 324 2368 tes
353 2308 564 2380 dimitterent,
598 2317 665 2367 turn
693 2304 751 2379 πᾰξ
781 2305 945 2367 dicebant:
984 2302 1055 2364 vide
1084 2302 1176 2363 Selrn.
1208 2301 1249 2362 ud
1279 2354 1288 2372 ,

277 2416 362 2477 Trin.
385 2419 413 2475 l.
435 2416 464 2474 2.
486 2416 535 2475 96.
559 2416 638 2475 Scul.
660 2414 699 2473 ud
720 2413 781 2483 ldil.
804 2415 841 2485 3,
867 2411 1000 2485 1,213,
1024 2410 1242 2471 etinAuson.

275 2520 359 2583 Loct.
382 2524 407 2581 Ι.
433 2522 479 2581 19.
501 2554 540 2566 -
572 2520 695 2581 Nimiae
718 2531 803 2578 tum:
822 2528 947 2599 praeter
967 2518 1020 2580 Cd.
1040 2517 1133 2579 Aoud.
1153 2517 1248 2577 etiam
1341 2556 1348 2567 ·

275 2626 374 2688 ilatio.
396 2626 527 2708 pollione
551 2637 674 2700 temeto,
707 2626 791 2707 quod
814 2646 877 2686 non
900 2624 1126 2707 repudiandum
1141 2632 1249 2684 censet

273 2734 403 2813 Lipsius.

314 2841 364 2902 lls.
386 2844 435 2904 36.
456 2843 570 2921 foedus
598 2854 878 2916 commemoratum,
910 2852 947 2902 ut
973 2852 1098 2923 pactum
1125 2842 1159 2901 in
1178 2859 1244 2901 mo·

275 2951 405 3011 morium
425 2970 568 3011 revocem
587 2951 674 3011 lrero.
717 2951 884 3031 liegnifiois
904 2951 1007 3011 verbis
1027 2950 1139 3011 utitur.

314 3058 364 3119 Vs.
387 3058 436 3119 37.
471 3060 541 3138 quio
561 3058 735 3119 nunciate?
770 3060 823 3121 Cd.
853 3058 946 3121 Acad.
977 3069 1010 3119 ct
1038 3060 1146 3141 steph.
1176 3059 1245 3139 quir

276 3166 433 3225 nunciat?
462 3166 561 3246 qnod,
593 3166 654 3227 nisi
682 3169 751 3246 quio
777 3168 831 3229 hic
849 3188 907 3249 pro
927 3167 1042 3248 aliquio
1062 3176 1245 3249 usurpatum

277 3282 414 3334 statuero
433 3275 537 3348 malis,
561 3276 644 3335 forte
664 3276 933 3355 anteponendum:
964 3276 1078 3356 aliquio
1099 3276 1183 3335 enim
1202 3274 1244 3361 li-

275 3390 325 3441 cot
346 3382 466 3461 saepius
485 3383 601 3462 plurali
621 3384 762 3464 imporat.
780 3384 944 3464 jungitur,
968 3380 1069 3463 (Epid.
1090 3382 1121 3442 3.
1142 3382 1242 3456 3.1ss;

274 3488 352 3550 uon.
375 3491 404 3550 r.
425 3486 459 3550 2.'
477 3486 580 3566 exte,
604 3490 695 3553 nero.
718 3493 746 3552 5.
769 3494 798 3553 2.
823 3473 878 3569 ro;
904 3494 931 3552 1.
953 3493 983 3551 2.
1006 3490 1060 3571 21)
1080 3499 1113 3549 et
1132 3490 1243 3550 nonar.

274 3598 313 3659 ad
343 3578 425 3660 Tor(
441 3598 573 3679 Adelph.
605 3602 634 3661 l.
663 3602 691 3661 l.
721 3602 760 3661 210
788 3610 911 3673 monet,
943 3601 1028 3680 quio,
1060 3598 1188 3678 aliquio,
1211 3606 1244 3657 ct

274 3709 433 3788 quicquam
454 3714 522 3769 non'
536 3709 699 3771 observare
719 3719 856 3782 veteres,
880 3728 944 3789 quo
962 3726 1095 3787 genero,
1118 3713 1244 3783 autquo

272 3835 401 3877 numero
428 3817 637 3893 declinarent,
679 3819 747 3899 quio
777 3827 880 3883 tamen
907 3835 1067 3897 nunquam
1095 3816 1140 3877 cic
1169 3834 1245 3877 con-

270 3932 423 3985 structum
452 3925 608 3987 invenies:
638 3926 679 3988 ci.
707 3926 799 3987 Arist.
831 3926 913 3987 Plut.
939 3923 1026 3986 1197.
1052 3928 1098 3986 riu
1118 3928 1245 3985 Πλοῦτον

271 4025 479 4111 tiorum&
502 4034 556 4095 ubi
565 4035 598 4095 in
608 4036 792 4115 quibusdam
800 4036 882 4100 mulo
891 4034 1010 4098 editum
1019 4034 1145 4097 ridetur
1153 4037 1245 4097 uena.
