3275 5117
731 490 806 565 145
904 517 906 523 ’

352 754 407 798 nn.
432 730 500 807 nui
522 727 698 817 epistolam
720 731 820 797 istam
842 730 933 809 fert,
958 731 999 797 ab
1022 752 1061 797 eu
1079 748 1253 821 argeutum

1119 850 1228 935 accipi
1240 894 1252 927 ‚

289 963 342 1027 tt.
353 962 397 1026 Et
419 980 493 1026 euru
515 982 554 1025 eo
576 961 696 1024 nimitn
716 956 893 1024 mulierem
914 960 1006 1024 mitti
1027 959 1117 1027 volo.

352 1072 500 1141 Salutem
522 1075 680 1160 seriptum
702 1072 840 1160 dignum
863 1085 914 1138 eut
936 1072 1050 1160 dignis
1068 1076 1223 1144 mittere:

350 1188 400 1255 'l'e
422 1191 455 1253 si
477 1188 672 1253 arbitrerem
694 1188 856 1273 dignum,
879 1190 1049 1253 misianum
1073 1188 1151 1254 tibi.

348 1324 398 1367 nr.
424 1300 514 1377 Quid
525 1301 636 1368 nunei
659 1323 715 1367 nn.
728 1301 914 1388 Argentum
925 1301 984 1367 des
997 1347 1007 1380 ,
1021 1301 1164 1367 abducas
1176 1323 1248 1367 uru-

1119 1414 1250 1482 lierem.

350 1553 399 1596 er.
422 1528 507 1599 Uter
526 1528 734 1597 remoretnri
765 1550 820 1595 nr.
846 1527 938 1606 Qnin
949 1551 1089 1618 sequere
1102 1552 1181 1617 erge
1193 1532 1246 1595 in·

946 1657 1010 1709 tre.
1033 1666 1083 1709 er.
1108 1644 1249 1733 Sequor.

394 1918 547 1989 AG'l'US
570 1919 750 1998 QUARTI
775 1918 926 1987 scuNn
947 1919 1133 1987 TERTIA.

660 2165 869 2211 PSEUDOLUB·

344 2340 498 2429 Pejorem
511 2366 572 2431 ego
584 2343 751 2409 hominem
762 2345 937 2431 magisque
947 2355 1083 2409 versute
1093 2342 1215 2409 malurn
1275 2338 1278 2344 ’

343 2453 519 2542 Nunquam
541 2454 658 2542 edepol
683 2476 869 2543 quenquam
888 2456 986 2536 vidi,
1009 2457 1176 2544 qunmhie
1190 2470 1243 2524 eut

995 2620 998 2625 -
1124 2572 1244 2638 Simiui

342 2681 524 2771 Nimisque
545 2706 607 2771 ege
629 2682 728 2749 illurn
748 2683 916 2750 huminem
934 2698 1047 2751 metue
1057 2700 1091 2755 et
1102 2688 1245 2752 sonnino

1134 2800 1243 2882 mele,

345 2937 388 2988 ut.
406 2938 531 3003 accipite.
566 2940 609 2991 55.
628 2955 688 2991 tum
705 2955 734 2991 eo
751 2942 842 2993 timul.
882 2943 925 2995 56.
943 2943 1056 2994 nietam
1072 2946 1190 3011 dunum.

345 3031 388 3083 59.
407 3040 538 3085 moratur.

246 3234 248 3239 .
274 3182 410 3264 quidem.
453 3186 566 3247 Contra
581 3196 702 3250 servato
719 3188 830 3250 ordine
848 3190 990 3270 vulgato,
1013 3192 1058 3253 eie
1076 3191 1240 3255 sehabet:

274 3292 330 3373 qui
356 3292 444 3353 venit
468 3293 508 3353 ad
532 3303 580 3368 te,
612 3295 668 3375 qui
686 3297 847 3377 epistolam
865 3298 953 3360 istam
977 3300 1056 3372 fert,
1088 3308 1136 3358 est
1158 3298 1241 3358 caia·

274 3407 324 3459 tor
340 3419 426 3461 rneus
442 3400 580 3481 Harpax:
614 3403 654 3463 eb
671 3422 709 3465 eo
726 3412 890 3484 argentum
907 3404 1008 3485 neeipi
1026 3404 1106 3463 velo.
1140 3402 1242 3462 Verba

273 3516 363 3586 utque
386 3508 452 3589 ipse
480 3508 606 3589 Harpen
631 3512 754 3590 quidem
773 3520 936 3591 tantopere
953 3530 986 3570 ee
1004 3506 1237 3581 commendent,

271 3622 308 3674 ut
333 3622 455 3676 mutere
480 3615 562 3676 nihil
591 3635 667 3697 opus
684 3618 743 3678 eit:
772 3618 929 3700 aptissima
946 3616 1029 3675 enim
1046 3622 1118 3674 sunt
1134 3633 1241 3694 perso·

270 3739 329 3782 uae
355 3721 481 3795 Simiae,
523 3724 575 3784 eui
600 3722 681 3784 nihil
704 3724 802 3804 magia
828 3722 916 3785 cordi
940 3730 1002 3792 eet,
1036 3740 1128 3800 quarn
1151 3719 1239 3779 leno-

270 3846 341 3887 nem
364 3828 401 3909 in
424 3848 560 3890 errorem
578 3830 743 3905 iuducere,
775 3829 937 3891 asserendo
954 3846 987 3887 se
1004 3828 1173 3907 Harpagem
1190 3846 1239 3887 ee·

269 3950 302 3991 ee
326 3932 520 4012 ipsissimum.
572 3936 671 4017 Atque
700 3938 822 4018 quidem
846 3952 904 4017 pro
929 3935 1021 3995 immo
1048 3953 1135 4006 uero,
1163 3932 1237 3996 satis

267 4044 385 4099 notum.
413 4040 512 4101 Unnrn
529 4044 704 4123 exemplum
723 4043 833 4105 citasse
849 4041 980 4105 sufficiat
993 4040 1056 4103 itii.
1072 4042 1107 4115 2,
1127 4042 1163 4115 i,
1185 4040 1232 4102 15.
