3275 5117
876 502 931 577 34

487 744 568 814 Nisi
580 741 808 811 carnariotria
813 740 967 829 grundio,
981 741 1391 831 tergoribnsonerinberi‚

1294 862 1395 931 hodie

430 978 485 1043 65.
496 972 588 1042 Mihi
600 984 709 1051 erunt,
723 992 796 1037 cres
809 983 843 1037 te
855 972 954 1059 qnasi
965 968 1103 1038 Dircam
1114 970 1213 1055 oiim,
1227 988 1265 1042 nt
1274 998 1397 1045 memo·

1209 1103 1308 1171 rant,
1331 1093 1396 1159 deo

461 1218 464 1225 '
494 1201 596 1269 Gneti
613 1200 710 1266 Jovis
733 1200 920 1265 devinxere
942 1197 984 1264 ad
1005 1195 1158 1282 tnnrnrn,
1192 1202 1277 1269 item
1299 1204 1400 1273 hodie

837 1316 999 1400 stringam
1010 1313 1052 1378 ad
1063 1319 1269 1383 carnariam:
1284 1319 1320 1383 id
1333 1319 1398 1385 tibi

495 1428 650 1495 Profecto
662 1439 775 1493 taurus
786 1422 859 1492 fiet.
881 1448 934 1491 rs.
944 1424 1058 1493 Nimis
1070 1448 1222 1496 sermone
1233 1430 1335 1518 hujus
1348 1434 1400 1498 ira

1198 1625 1201 1629 A
1226 1546 1398 1631 incendor.

496 1654 671 1723 Hunccine
699 1654 755 1721 hie
777 1653 944 1720 hominem
965 1656 1037 1741 pati
1056 1654 1166 1723 colere
1186 1662 1399 1745 juventatem

1228 1772 1401 1844 Atticami

519 1938 563 1992 64.
581 1939 637 1990 trs'o
652 1939 775 2005 9666666.

436 2117 563 2179 videtur
582 2116 827 2179 construendum
846 2136 917 2179 eum
936 2118 1107 2179 insolenter
1125 2119 1331 2199 praecedente
1342 2128 1403 2205 js·

439 2225 549 2299 caedo,
579 2222 634 2285 sed
659 2244 730 2286 oum
754 2245 801 2304 sq.
822 2223 911 2285 molo.
952 2223 1160 2306 Jerorey’ore
1179 2224 1404 2307 6616666161-

438 2336 651 2415 cumjacere,
672 2336 828 2415 pejerare.
1063 2406 1073 2415 ·

477 2440 641 2503 Lanioram
668 2458 767 2520 genus
792 2438 878 2501 hand
904 2440 969 2501 scio
996 2447 1103 2500 utrum
1122 2440 1244 2501 cunctis
1263 2442 1406 2503 Romanis

438 2548 573 2610 inrisum
593 2549 747 2610 exstitisse
767 2546 934 2611 dicendam
953 2547 1008 2621 sit,
1039 2568 1079 2608 an
1098 2547 1241 2609 Plautum
1259 2546 1320 2609 hoe
1338 2548 1407 2609 odi·

439 2674 493 2715 um
520 2655 667 2735 privatim
693 2655 821 2735 gessisse
839 2654 1049 2735 pronunciare
1068 2654 1216 2715 debeam:
1247 2655 1302 2717 hie
1321 2665 1408 2717 certe

442 2760 514 2821 illos
534 2760 641 2821 codem
661 2761 732 2823 loeo
750 2761 847 2821 habet
865 2781 902 2822 ae
922 2761 1068 2823 lenones:
1097 2762 1166 2841 huj.
1186 2762 1249 2823 fab.
1273 2764 1300 2826 1.
1319 2763 1349 2825 3.
1368 2763 1409 2824 97

442 2867 625 2943 carnificem
650 2866 719 2927 rico
747 2866 943 2946 fungantur:
980 2868 1022 2931 ei.
1054 2872 1140 2951 Capt.
1161 2870 1190 2931 1.
1211 2871 1241 2931 2.
1261 2871 1407 2952 38‚'sqq.

442 2971 528 3033 alibi.
561 2970 646 3031 'Sed
681 2991 722 3031 ne
758 2972 802 3032 sie
829 2973 956 3051 quidem
982 2994 1015 3035 so
1043 2975 1259 3039 commendare
1286 2986 1406 3057 potest,

442 3078 528 3159 qnod
546 3078 682 3156 conjecit
700 3077 804 3142 Douza
825 3080 909 3160 Capt.
930 3080 960 3142 3.
984 3082 1012 3143 1.
1035 3083 1082 3144 15.

483 3186 534 3247 Vs.
556 3188 605 3247 65.
627 3186 767 3246 Dircam.
810 3186 861 3247 Sic
881 3189 1002 3269 saepius
1020 3196 1131 3269 poetae
1150 3192 1274 3253 nomina
1292 3192 1409 3254 Graeca

445 3293 664 3355 terminatione
683 3293 792 3354 Latina
811 3294 966 3358 scribunt.
1005 3295 1133 3356 Plautus
1153 3296 1249 3357 habet
1266 3296 1407 3371 Circam,

448 3401 651 3483 Penelopam,
680 3410 742 3461 oto.
765 3410 797 3461 et
817 3402 901 3483 apud
921 3403 1025 3463 Horat.
1046 3401 1206 3482 1166617.
1227 3402 1274 3461 17.
1289 3400 1324 3459 16
1340 3400 1414 3480 qui·

443 3509 573 3570 busdam
592 3509 682 3570 editt.
704 3510 840 3590 legitur:
871 3510 991 3571 colente
1015 3510 1116 3569 Circo.

486 3615 537 3677 Vs.
569 3616 617 3677 68.
645 3602 758 3691 colere,
799 3636 858 3697 pro
885 3616 1035 3689 incolere,
1074 3616 1193 3695 decere.
1235 3614 1362 3678 Veteres
1380 3615 1414 3675 in

446 3723 568 3785 finitive
595 3724 645 3785 uti
673 3724 775 3785 solent
799 3724 834 3783 in
861 3722 1129 3803 indignationibus
1150 3732 1183 3783 et
1202 3722 1415 3784 admirationi·

443 3831 517 3906 bus,
550 3832 606 3912 qui
636 3840 740 3893 tamen
760 3828 878 3910 pendet
898 3828 938 3890 ab
958 3828 1124 3890 intellecto
1143 3828 1326 3889 incredibile
1347 3839 1409 3899 eet,

406 3932 409 3937 ’
444 3940 619 4000 mirandum
648 3950 709 4014 est,
739 3938 791 3997 vel
819 3935 921 3996 similo
949 3934 1044 4016 qnid:
1073 3934 1115 3997 ei.
1145 3936 1239 3997 Goon.
1260 3936 1344 3998 Obss.
1366 3935 1408 3997 11.

449 4045 502 4119 lt,
534 4055 567 4106 et
586 4046 652 4121 111,
684 4046 724 4124 ⁰3
753 4043 835 4105 nuk.
857 4042 997 4105 adFlor.
1020 4042 1052 4117 1,
1086 4042 1221 4121 tnta.
