3275 5117
877 523 954 601 178

501 759 570 838 Qut
591 758 693 847 probe
713 760 833 827 Ionica
852 762 1042 847 perdidici:
1067 767 1128 832 ced
1150 767 1353 855 pullioletim
1369 800 1404 842 e-

439 992 493 1055 ³0.
505 986 563 1053 Sic
587 986 647 1054 huc
671 964 798 1055 iuceici
820 987 1047 1058 ludibundus:
1080 992 1242 1079 plandunt
1262 903 1407 1086 pinrltit:

927 1104 1180 1190 clamitantium,
1195 1126 1232 1177 ut
1242 1130 1406 1181 revortar.

504 1216 631 1317 Occepi
644 1216 750 1283 denuo
762 1215 824 1283 hcc
835 1218 930 1285 modu
944 1240 954 1285 τ
976 1218 1069 1287 volvi
1078 1222 1190 1292 idem:
1212 1229 1340 1293 amicae
1352 1230 1408 1295 da·

1144 1335 1219 1402 bum
1229 1360 1283 1405 me
1293 1361 1385 1408 mene
1397 1386 1408 1420 ,

507 1443 555 1511 Ut
565 1464 618 1510 me
629 1458 776 1512 emeret:
802 1445 861 1510 ubi
878 1448 1138 1529 circumrcrtnr,
1160 1451 1262 1519 cede:
1287 1453 1324 1518 id
1345 1456 1412 1521 suit

1208 1568 1307 1634 nenia
1320 1567 1411 1635 ludo.

508 1674 625 1762 ltaque
636 1673 713 1740 dum
725 1677 846 1755 enitor,
860 1696 927 1763 pnx
938 1679 946 1741 !
956 1682 1026 1764 jem
1038 1700 1143 1765 pucne
1155 1682 1331 1769 inquinavi
1339 1683 1413 1771 pcl-

1075 1792 1159 1859 iinm
1174 1818 1183 1862 2
1208 1798 1332 1863 nimiae
1344 1811 1413 1863 tum

511 1988 554 2039 29.
572 2004 598 2055 q.
612 1988 726 2054 produci
742 1989 863 2040 leucum
879 2006 973 2056 capere
988 1993 1084 2045 didici.
1116 1994 1160 2046 30.
1179 1996 1250 2048 ebert
1267 1998 1326 2049 inc.

513 2082 557 2134 31.
576 2083 625 2161 icoc
640 2084 716 2134 credo
732 2082 819 2138 ndei.
855 2083 900 2134 32.
916 2084 957 2135 idi
972 2102 996 2137 c.
1015 2103 1038 2137 c.
1056 2087 1119 2153 is.
1136 2104 1231 2155 nempe
1248 2090 1319 2143 ludo.

516 2178 559 2228 33.
574 2176 693 2243 pellium
711 2184 823 2229 temeto.-
839 2178 932 2231 nbmnt
948 2182 1049 2231 cimice
1066 2189 1131 2233 ten.

452 2358 502 2421 Ec·
520 2358 688 2441 disciplina
704 2368 752 2421 eut
771 2379 809 2421 ex
830 2358 1013 2441 disciplinae
1031 2360 1222 2442 praeceptis,
1246 2362 1339 2422 sicuti
1357 2362 1415 2424 do-

454 2466 519 2529 ceri
538 2466 617 2526 colet
636 2464 778 2527 saltatio:
802 2468 865 2530 cic.
885 2467 926 2529 de
945 2467 1013 2529 uir.
1035 2467 1077 2529 11.
1097 2468 1127 2529 3.
1148 2466 1418 2529 Endemiciiterie

451 2577 532 2636 ratio
550 2585 597 2635 ert
612 2574 799 2655 reliquicque
815 2574 920 2651 rebus,
952 2596 1082 2656 quanam
1098 2586 1146 2637 cct
1160 2576 1337 2660 disciplinu.

492 2682 543 2743 Vs.
572 2682 621 2743 29.
646 2681 850 2765 pallioiutim:
884 2682 987 2744 Lcmb.
1012 2684 1208 2766 pctuotatce,
1237 2684 1320 2761 quud
1338 2684 1420 2746 forte

452 2808 491 2850 ex
510 2790 781 2871 interpretatione.

495 2897 544 2958 Vc.
566 2899 614 2959 31.
637 2899 725 2961 Sicut
743 2918 851 2961 versun
869 2899 964 2978 vulgo
982 2898 1116 2979 legitur,
1145 2899 1198 2958 vix
1219 2899 1422 2979 intelligipo-

457 3015 535 3065 test:
576 3014 747 3086 praeeunte
778 3004 903 3087 scopu,
935 3006 1028 3066 aliter
1057 3006 1277 3086 distinguendo
1296 3016 1422 3067 sentcn-

455 3112 518 3172 tiae
537 3111 655 3172 mederi
674 3114 773 3192 potui.

494 3218 544 3279 Vs.
574 3219 623 3279 32.
654 3220 689 3279 id
709 3220 776 3297 fuit
800 3224 898 3281 necin
927 3223 1018 3282 ludo:
1047 3223 1121 3299 quin
1148 3222 1241 3283 neuin
1255 3232 1325 3284 erut
1342 3224 1425 3283 inter

456 3329 583 3403 ultima,
623 3345 705 3405 quae
730 3329 970 3409 praestabantur
996 3330 1163 3403 defuncto,
1205 3329 1276 3391 ideo
1301 3340 1334 3390 et
1361 3332 1426 3411 ipcc

457 3456 681 3515 nonnunquam
708 3438 829 3499 exitum
852 3436 918 3498 cive
935 3436 1082 3497 ultimum
1098 3437 1146 3496 rei
1161 3436 1330 3515 significan
1355 3436 1427 3495 vide

458 3546 531 3608 intt.
559 3545 598 3606 cd
617 3525 699 3607 'uest
728 3546 750 3606 i.
782 3565 812 3607 v.
842 3548 961 3618 neuim·
989 3546 1082 3606 Gron.
1102 3544 1134 3604 L.
1154 3544 1186 3604 P.
1206 3563 1237 3623 p.
1256 3543 1325 3602 270.
1366 3540 1427 3600 Sed

458 3654 556 3735 magis
574 3655 689 3735 probo,
722 3654 807 3732 quod
824 3653 859 3714 in
877 3654 929 3715 Gd.
949 3652 1061 3727 dead„
1089 3661 1121 3712 et
1139 3652 1172 3711 iu
1190 3650 1296 3732 steph.
1314 3649 1349 3709 id
1358 3650 1428 3726 suit

462 3784 568 3845 nempe
593 3762 680 3837 ludo,
717 3762 864 3841 quoniam
891 3780 929 3821 cx
948 3777 993 3837 sq.
1013 3758 1230 3833 recidemus,
1258 3757 1333 3819 ludo
1349 3776 1428 3817 nun·

460 3848 535 3931 dum
550 3870 645 3932 fuisse
664 3871 757 3931 finem
772 3869 961 3951 impositum.

501 3978 553 4039 Vs.
573 3978 622 4039 33.
640 3997 703 4060 pcc
723 3988 770 4039 est
791 3975 971 4056 interjectio
990 3976 1122 4051 comica,
1154 3972 1275 4053 origine
1295 3971 1428 4044 Graeca,

461 4084 708 4165 comprimentis,
733 4093 765 4145 et
785 4084 875 4164 quasi
893 4103 965 4146 cum
984 4082 1173 4146 verecundia
1192 4077 1353 4141 silentium
1372 4076 1432 4139 cibi
