3275 5117
726 546 780 621 55

360 813 416 859 cn.
440 790 574 857 Siccine
594 784 681 851 mihi
701 784 760 850 abs
773 783 1056 850 tebcnemsronti
1071 780 1158 849 maie
1180 806 1232 849 re·

343 900 346 909 ’
397 871 422 959 ⁴
982 898 1090 964 fertur
1102 898 1236 985 gratini

360 1042 416 1087 ns.
440 1016 532 1095 Quid
552 1036 638 1080 nnnc
659 1010 740 1079 visi
764 1034 819 1077 os.
843 1009 891 1078 Ut
914 1016 1087 1099 oppetiere
1097 1012 1159 1098 hns
1171 1034 1234 1079 sex

904 1127 978 1192 dics
991 1124 1108 1201 saltem
1118 1128 1214 1193 modo
1227 1171 1238 1206 ,

363 1246 416 1314 Ne
429 1244 524 1311 illam
534 1244 672 1323 vendes,
680 1261 744 1307 noo
755 1261 808 1306 me
817 1240 937 1327 perdas
951 1240 1118 1305 hominem
1126 1238 1245 1306 aman?

768 1367 847 1420 tem.
871 1374 926 1420 ns.
949 1353 1072 1419 Animo
1083 1351 1168 1417 bono
1180 1374 1234 1418 os:

347 1473 431 1551 ,Vel
443 1496 503 1541 sex
514 1492 645 1539 menses
665 1466 850 1557 opperibor.
873 1488 929 1533 cs.
950 1466 1067 1553 Euge,
1082 1463 1239 1530 homolo-

1041 1580 1240 1666 pidissume.

302 1708 355 1771 90.
367 1723 422 1771 ns.
446 1702 549 1768 Immo
568 1699 639 1765 vin'
658 1698 758 1763 etism
778 1710 812 1761 tc
825 1696 945 1762 faciem
957 1718 1002 1760 sx
1013 1691 1237 1760 laetolnctnn·

1026 1822 1092 1875 tem
1103 1808 1238 1896 magici
1288 1801 1290 1805 ’

369 1953 423 1999 cs.
448 1928 539 2007 Quid
556 1926 652 2015 J'omi
686 1948 741 1993 ns.
776 1925 866 2001 Quia
887 1928 978 1991 enim
997 1946 1065 1991 non
1086 1922 1238 1991 venalem

891 2039 997 2105 habeo
1008 2038 1238 2105 Phoenicium.

365 2180 420 2227 oa.
443 2157 519 2226 Non
534 2155 636 2225 habes
646 2156 661 2221 i
673 2175 729 2222 nn.
742 2151 818 2220 Non
829 2151 942 2221 hercle
954 2172 1124 2219 corofon.
1136 2153 1242 2219 Psen-

832 2266 908 2334 dole
921 2288 1077 2347 ,arcesso
1087 2267 1215 2334 hostias
1229 2313 1241 2344 ‚

364 2387 557 2465 Victimas,
578 2384 713 2463 lanios,
734 2381 933 2469 ntegohuic
945 2379 1139 2447 sacruficem
1151 2403 1241 2448 som·
1342 2469 1348 2475 .

1071 2495 1239 2574 moJovi3

358 2613 444 2681 Nam
466 2610 621 2679 hicmihi
643 2630 730 2675 nunc
752 2604 920 2700 ostmnlto
939 2607 1240 2697 potioranpiter,

955 2724 1240 2812 qnamJoppitor.

260 2842 262 2847 '
294 2839 417 2903 95.ns.
440 2833 527 2902 Nolo
556 2838 735 2903 victimas:
771 2837 906 2925 agninis
928 2859 981 2903 me
1001 2840 1095 2904 extis
1112 2837 1240 2926 placari

1149 2951 1239 3017 volo.

357 3119 400 3171 ⁸8.
413 3119 514 3186 perdas
530 3134 571 3169 mc
586 3144 619 3158 -·
636 3120 703 3171 bono
718 3136 746 3175 c.
764 3138 787 3175 e.
821 3123 864 3174 95.
882 3138 910 3174 so.
930 3124 1071 3173 victims:
1088 3128 1138 3172 ccc
1152 3123 1236 3173 asini·

479 3217 531 3265 mic
546 3230 582 3267 m.
602 3216 685 3266 enisio
696 3232 728 3282 p.
748 3232 772 3268 o.

272 3363 438 3445 Epitheton
448 3367 623 3446 sopitivum
639 3367 693 3429 hic
709 3368 850 3449 inprimis
868 3368 999 3428 inservit
1016 3368 1241 3449 comparationi

271 3473 369 3553 magis
393 3474 562 3554 aptandae,
603 3475 750 3551 qnoniam
777 3475 864 3535 canis
891 3474 1025 3553 fugitiva
1044 3483 1241 3554 comparator

155 3650 157 3655 ,
181 3611 183 3615 .
273 3599 344 3641 cum
363 3601 468 3653 servo,
501 3582 592 3661 cujus
613 3582 746 3643 officium
766 3590 813 3642 est
833 3582 1002 3661 nefacere:
1030 3580 1071 3641 ci.
1093 3580 1178 3648 Asin.
1199 3581 1235 3653 2,

273 3687 309 3760 2,
344 3688 419 3765 1133
452 3690 537 3769 Gapt.
559 3688 595 3761 2,
629 3690 663 3761 l,
696 3689 748 3765 13;
777 3688 872 3767 hujus
892 3688 955 3749 sab.
977 3689 1012 3760 i,
1047 3687 1079 3760 l,
1108 3687 1137 3747 9.
1180 3686 1242 3746 Alii

273 3790 314 3851 de
333 3812 368 3852 re
385 3774 560 3873 periculosa¹
580 3794 759 3875 intelligere
778 3780 910 3857 malunt.

314 3898 364 3960 Vs.
382 3900 430 3961 95.
451 3902 578 3981 cynicis
593 3904 695 3962 entis:
715 3902 871 3964 fluctuant
889 3902 974 3974 Mos,
996 3901 1151 3963 fluctuant
1168 3901 1240 3961 intt.

276 4002 338 4067 Hoc
372 4016 493 4068 certum
516 4008 671 4082 oidetur,
718 4011 847 4089 cynicis
872 4010 926 4070 hic
949 4018 1031 4069 stare
1058 4026 1122 4067 non
1144 4027 1242 4087 posse.

219 4098 228 4113 ⁸
276 4110 320 4169 Nc
357 4130 461 4173 omnes
495 4134 686 4191 recenseam,
729 4119 785 4194 qui
802 4116 842 4177 dc
867 4117 915 4178 his
939 4116 1042 4176 vorbis
1067 4114 1241 4196 opinionem
