3275 5117
717 550 766 623 ⁷7

348 821 393 865 ιι.
414 796 520 883 Egon’
543 808 581 857 ut
599 811 717 857 navem
737 806 896 875 nequeam
908 788 1228 875 quaiprnediaiturt

349 932 401 979 ra.
426 906 812 984 Praediao,utcaraae:
836 899 912 969 dian
926 904 1108 991 ,inquam,
1127 917 1230 973 atea-

1022 1041 1123 1087 veaa:
1138 1043 1231 1089 aava.

348 1141 436 1210 Ham
448 1184 459 1220 ,
472 1137 552 1204 irtia
564 1134 650 1200 mihi
662 1145 699 1200 ta
710 1130 811 1200 hodie
821 1130 974 1199 manibus
986 1147 1158 1221 argentum
1170 1137 1228 1202 da-

1162 1249 1231 1317 bia'.

349 1390 405 1439 cn.
417 1364 543 1453 Edepol
556 1361 728 1430 mortalem
740 1361 983 1450 graphicum,ai
994 1375 1105 1427 servat
1116 1360 1229 1430 fidem!

267 1488 406 1554 10010.
432 1483 604 1549 Servitnm
627 1478 695 1544 tibi
716 1498 769 1541 rue
791 1475 970 1550 abducito,
993 1476 1031 1539 ni
1052 1475 1177 1541 tenere.

353 1624 396 1668 er.
409 1594 719 1684 Baneatquaaraisa
729 1590 1173 1675 dieiarnamnanejanuneus
1181 1613 1231 1658 aa.

351 1742 408 1794 1011.
426 1742 500 1792 abeat
515 1753 566 1790 me.

267 1878 370 1928 taam:
388 1884 497 1947 parum
514 1860 574 1922 hoe
591 1858 718 1921 Latine:
741 1856 854 1918 melius
870 1856 933 1917 sia:
953 1868 982 1915 te
1000 1858 1125 1938 impune
1143 1858 1231 1918 tani-

267 1986 371 2034 tarum
395 1972 476 2051 [scil.
498 1971 632 2051 saciant
650 1968 751 2048 tanin)
768 1977 921 2025 aetatem:
947 1966 968 2024 i.
988 1982 1016 2025 a.
1036 1964 1157 2026 facinus
1173 1967 1234 2028 hon

266 2091 355 2143 tuum
371 2099 491 2161 semper
512 2077 699 2159 impunitum
718 2074 870 2135 futurum.
911 2072 1025 2133 nouem
1040 2071 1131 2133 modo
1145 2074 1232 2133 inut-

266 2202 330 2253 tam
360 2192 501 2271 auferre,
533 2190 604 2249 Tar.
630 2185 709 2247 And.
728 2184 762 2258 3,
792 2184 829 2257 5,
858 2184 894 2243 i:
922 2190 959 2240 et'
973 2180 1158 2262 simpliciter
1174 2203 1231 2242 nu-

257 2301 365 2380 scum,
388 2295 565 2379 Adelph.3,
584 2296 620 2369 d,
643 2296 681 2354 8:
702 2292 888 2362 annana,
909 2290 945 2363 2,
969 2289 1021 2363 13,
1041 2291 1118 2361 est,
1137 2293 1165 2365 7,
1185 2293 1231 2352 18.

304 2409 356 2469 Vr.
385 2407 452 2468 101.
483 2405 569 2483 eqara'
598 2412 635 2462 at
652 2419 760 2460 cavere
778 2418 948 2478 nequeam:
978 2408 1014 2457 ut
1036 2396 1096 2459 hoe
1114 2399 1183 2460 loeo
1201 2410 1234 2461 et

264 2513 437 2575 innumeris
461 2510 530 2571 aliis
556 2507 663 2569 eodem
688 2506 795 2578 modo,
832 2503 1055 2585 supplendum,
1087 2515 1183 2584 atque
1200 2505 1233 2567 in

263 2620 423 2680 notissima
457 2616 592 2679 sounula
618 2615 712 2677 ratia'
740 2622 805 2673 nt:
852 2612 893 2675 ei.
933 2614 1023 2677 Both.
1053 2614 1093 2675 nd
1122 2613 1231 2696 Amph.

266 2728 341 2797 tu,
371 2734 403 2787 et
420 2740 502 2800 quae
519 2720 604 2785 diota
621 2729 695 2781 nunt
712 2719 795 2781 inira
817 2718 857 2781 ad
879 2720 909 2781 t.
935 2721 965 2784 0.
992 2722 1041 2783 10.

305 2831 356 2891 Vs.
397 2828 464 2891 102.
503 2827 554 2889 sio
579 2826 831 2908 distinguendam
855 2838 933 2909 puto
958 2828 1088 2891 alteram
1112 2839 1232 2910 partem

266 2937 361 3017 hujus
377 2956 500 2997 versus:
531 2936 613 3010 dieo,
636 2940 779 3017 inquam,
803 2947 838 2996 ut
855 2958 964 3030 ennena
981 2958 1064 2998 aava.
1106 2938 1181 3000 Nam
1198 2940 1232 2999 iu

267 3044 394 3123 vulgata
408 3064 481 3102 anae
496 3042 603 3123 inepte
619 3052 714 3124 atque
727 3045 843 3125 frigide
851 3045 1018 3124 adjicitur:
1040 3046 1234 3125 itaquanon·

265 3161 381 3212 struas:
409 3171 483 3210 nane
503 3160 539 3210 at
563 3170 687 3222 canens,
719 3150 758 3212 de
784 3172 847 3231 quo
865 3153 937 3212 vide
953 3152 1050 3213 Perin.
1070 3152 1109 3213 ud
1127 3155 1230 3214 Sauet.

266 3258 338 3321 Min.
365 3258 418 3320 IV.
445 3259 491 3321 15.
517 3280 547 3340 p.
571 3259 640 3319 985.
683 3260 775 3320 Forte
799 3260 993 3341 transpositis
1010 3260 1170 3321 vocabulis
1186 3260 1232 3319 ie·

236 3362 418 3447 'gendumz
462 3390 464 3394 ·

261 3528 263 3531 .
306 3474 386 3551 Dina
402 3484 438 3535 ut
455 3494 583 3535 annana:
609 3476 770 3557 praedico,
801 3476 943 3553 inquam,
973 3485 1009 3534 at
1026 3495 1133 3534 caveas
1148 3494 1232 3535 enne.

264 3584 309 3642 De
329 3582 511 3664 praedicere
536 3602 594 3662 pro
621 3582 759 3657 hortari,
798 3601 937 3654 monere,
976 3580 1047 3641 vida
1076 3582 1168 3642 Grau.
1194 3582 1235 3643 ad

264 3689 329 3749 Liv.
351 3689 395 3750 ΙΙ.
417 3690 464 3751 10.

232 3845 234 3848 .
303 3797 354 3857 Vs.
385 3798 452 3858 100.
481 3797 557 3858 bena
580 3809 670 3879 atque
698 3800 796 3859 amine
815 3798 910 3869 dicia,
942 3805 989 3857 est
1004 3795 1121 3875 gratias
1137 3814 1232 3875 agen·

264 3905 319 3979 tis,
351 3915 389 3967 ut
411 3905 489 3966 male
516 3906 595 3966 dieis
618 3915 666 3967 est
681 3905 875 3986 indignantis
888 3913 920 3964 et
938 3904 1108 3984 querentis.
1149 3904 1232 3965 Beue

263 4032 296 4071 ae
320 4012 416 4075 hahet
430 4012 484 4075 hia
502 4032 624 4087 versus,
655 4024 691 4074 ut
707 4014 740 4073 in
758 4012 850 4074 editt.
867 4021 901 4073 et
918 4012 970 4074 Gd
988 4011 1082 4073 dead
1099 4011 1228 4093 legitur.

263 4120 403 4181 Menses
422 4140 496 4201 pro:
522 4142 621 4181 meum
637 4121 827 4203 mancipium
844 4141 892 4194 ea,
922 4119 1114 4181 sexcenties:
1143 4131 1229 4182 aete·
