3275 5117
716 482 767 563 97

321 714 516 809 advenire,
540 746 637 816 qaam
647 691 1222 812 haeco‘ollataestmih'iopportoro

1054 856 1073 900 e
1096 831 1218 901 istola:

278 970 311 1035 5.
323 926 410 1032 Naso
420 962 502 1028 haec
514 936 934 1036 alaoeomuoopiaeestt,
954 855 1223 1036 ubiinelstquic·

1039 1061 1121 1150 quid
1133 1059 1221 1127 volo.

316 1193 385 1261 Hic
396 1187 467 1256 doli
480 1234 491 1268 ,
512 1187 569 1253 hic
580 1180 736 1251 fallaciae
748 1198 862 1244 omnes
873 1188 953 1243 cant
965 1221 977 1256 ,
989 1174 1057 1254 'hic
1069 1186 1148 1240 sunt
1159 1196 1217 1259 sy·

995 1288 1192 1375 cophantiae
1206 1330 1218 1365 ,

316 1420 386 1488 Hic
407 1428 603 1505 argentum,
626 1409 683 1475 hio
705 1409 810 1473 amica
831 1385 956 1472 emanti
974 1399 1080 1468 herili
1100 1397 1188 1465 filio.

316 1535 428 1622 Atque
450 1552 512 1619 ego
535 1544 696 1594 eunome
720 1519 904 1609 gloriosum
916 1517 1038 1584 faciam
1050 1561 1062 1596 ,
1087 1527 1125 1579 ut
1144 1515 1220 1599 copi

553 1648 554 1651 ’
993 1641 1003 1665 ·
1069 1640 1217 1717 pectore.

334 1848 362 1899 t.
379 1860 459 1913 quom
476 1844 541 1895 haec
556 1846 651 1891 euecta
668 1842 715 1888 ort.
751 1834 779 1888 Β.
795 1833 871 1884 cloto
887 1831 989 1898 coptos!
1006 1844 1100 1880 corso.

336 1942 361 1995 7.
379 1939 484 1991 emach·
498 1937 597 1993 amico.
631 1934 657 1985 8.
677 1947 718 1983 me
734 1930 879 1998 gloriosum
889 1929 917 1995 s.
935 1942 963 1978 e.

250 2142 372 2185 omnes:
404 2141 497 2202 qoem
514 2118 589 2177 hoec
606 2124 733 2188 covoto3
756 2110 841 2191 quod
864 2108 967 2170 Lamb.
985 2115 1018 2168 et
1036 2107 1150 2168 Parcus
1167 2103 1218 2163 in·

251 2238 466 2312 terpretcntur
483 2236 589 2297 erecto,
610 2222 688 2283 mihi
706 2219 833 2301 quidem
854 2236 951 2297 quum
967 2212 1092 2274 nultum
1100 2230 1222 2271 sensum

249 2340 396 2419 praebet,
433 2354 493 2396 nec
518 2331 658 2393 virorum
683 2328 847 2389 doctorum
872 2330 1046 2386 commenta
1070 2318 1168 2399 magis
1191 2334 1224 2379 se

250 2443 482 2513 commendant,
505 2438 599 2497 clloto
615 2433 840 2515 praeeuntibus
856 2429 926 2491 aliis
939 2429 972 2488 in
983 2436 1104 2489 textum
1113 2426 1220 2487 intuli.

290 2552 340 2612 Vs.
360 2551 389 2611 5.
419 2567 492 2607 corn
518 2545 593 2604 hoec
617 2542 713 2601 allato
736 2537 937 2618 cornucopiae
962 2545 1029 2596 est:
1067 2532 1221 2595 assentior

250 2657 421 2727 Gronovio,
451 2651 620 2713 lectionem
647 2648 699 2709 cd.
718 2644 812 2707 Acad.
832 2642 979 2723 vulgatae
996 2638 1220 2722 anteponenti:

249 2761 332 2821 nihil
357 2770 460 2822 tamen
487 2777 563 2839 opus
589 2764 637 2817 est
654 2762 790 2827 mutare,
821 2750 963 2831 quamvis
979 2727 1129 2812 iteratum
1146 2748 1223 2808 haee

248 2868 341 2928 allato
360 2874 537 2946 suspectum
559 2862 656 2943 possit
676 2862 788 2923 videri.
831 2861 911 2922 Haeo
929 2837 1077 2942 epistola,
1113 2856 1220 2934 inquit

249 2992 372 3044 servus,
408 2969 487 3030 mihi
515 2968 611 3033 allato
634 2972 682 3031 est
704 2972 795 3048 quasi
818 2990 918 3031 cornu
942 2968 1066 3049 copiae:
1099 2966 1134 3025 in
1159 2964 1220 3026 hac

250 3080 381 3161 epistola
402 3078 510 3159 accepi
532 3098 631 3138 cornu
657 3079 775 3158 copiae.
816 3078 938 3152 Lamb„
970 3073 1087 3138 iterum
1112 3063 1221 3134 suffrass

250 3195 344 3269 ganto
368 3187 478 3259 Pareo,
514 3206 587 3247 com
605 3186 679 3275 leoco
699 3187 780 3275 illud
796 3187 997 3268 cornucopiae
1014 3194 1074 3256 eet,
1104 3180 1223 3241 deduc·

250 3307 317 3357 tum
342 3314 381 3357 ex
406 3294 562 3374 scriptura
591 3301 735 3355 veterum
760 3293 999 3354 nonnullarum:
1043 3310 1118 3349 cem
1147 3288 1222 3346 haec

250 3405 307 3465 illa
330 3427 377 3468 ea.
907 3372 911 3381 Ι
1200 3368 1203 3373 ¹

290 3514 340 3575 Vs.
362 3514 391 3574 8.
413 3512 540 3573 Frustra
562 3510 648 3573 hune
674 3527 798 3570 versum
825 3514 935 3568 contra
959 3504 1027 3565 tiss.
1051 3499 1224 3563 auetorita-

249 3630 313 3683 tem
350 3629 472 3681 mutare
499 3619 636 3699 aggressi
662 3627 735 3679 sunt
761 3616 823 3675 viri
850 3613 953 3674 docti:
988 3606 1071 3670 nihil
1096 3614 1222 3667 mutan-

244 3730 337 3790 ·dum'
351 3747 480 3790 censeo:
518 3748 625 3789 sensus
652 3737 717 3788 cst:
746 3720 1030 3812 nunogloriabor,
1062 3734 1148 3776 nuno
1172 3734 1224 3775 me

244 3838 390 3915 jactab05
433 3856 505 3899 nam
531 3856 631 3898 cornu
657 3834 764 3916 copiae
788 3834 899 3906 allato,
935 3845 1003 3889 sum
1027 3825 1095 3910 copi
1106 3805 1118 3898 ,⁵
1142 3823 1165 3885 i.
1191 3842 1221 3885 e.

251 3944 373 4023 copioso
405 3953 534 4023 pectore
556 3940 612 4022 (cf.
637 3942 749 4004 Bacch.
776 3942 805 4001 2.
830 3940 862 4024 β.
878 3935 982 4021 ,11ης
1010 3951 1109 3995 corno
1134 3930 1221 4011 eopi-

256 4049 444 4128 ae-spiritus
468 4049 547 4111 mihi
572 4050 659 4111 fecit.
702 4049 772 4111 Post
792 4056 933 4131 pectore,
961 4048 1133 4126 praeeunte
1149 4038 1225 4101 odit.

1059 4153 1101 4215 13
