3275 5117
655 582 660 593 ·
729 552 808 629 107

256 772 259 781 ’
337 815 389 859 aa.
412 790 459 859 Di
482 786 708 868 immortulea,
731 809 796 857 uuu
817 790 985 859 Charinus
996 794 1083 862 mihi
1093 794 1150 862 hic
1162 801 1237 887 qui·

875 906 1239 999 dement‚nedcopiat

341 1020 408 1087 Sed
426 1022 508 1087 iatie
530 1041 671 1099 nervon,
696 1041 742 1085 ex
753 1015 895 1105 Carysto
917 1020 983 1088 huc
997 1026 1056 1110 qui
1078 1025 1239 1102 advenit,

1036 1138 1242 1227 quidnupitt

340 1271 398 1317 cn.
422 1250 564 1317 Hircum
598 1248 639 1316 ah
662 1246 740 1315 alia.
776 1270 828 1315 aa.
852 1248 1077 1317 Mauuleatam
1099 1256 1247 1320 tunicum

822 1352 1243 1434 haherehomiuemdecet.

337 1478 469 1568 Ecquid
482 1478 582 1546 hahet
592 1482 624 1545 ie
637 1477 733 1546 homo
744 1480 833 1544 aceti
843 1480 879 1544 iu
889 1492 1023 1566 pectere
1034 1479 1048 1545 t
1059 1499 1119 1545 cu.
1129 1478 1243 1569 Atque

1029 1581 1239 1663 acidieaumi.

275 1714 328 1777 50.
339 1734 391 1779 us.
416 1709 532 1790 Quid,
551 1711 583 1775 ai
594 1730 676 1797 opus
691 1710 739 1774 sit
751 1754 762 1789 ‚
776 1720 812 1773 ut
823 1706 921 1773 dulce
929 1722 1058 1794 promat
1066 1709 1240 1791 indidem,

736 1821 858 1911 ecquid
868 1820 994 1887 habeti
1015 1842 1075 1890 cu.
1100 1823 1239 1913 Rogant
1291 1898 1294 1904 ,

357 2000 400 2051 48.
419 2000 462 2049 tia
477 2013 538 2049 cem
554 1998 587 2047 ab
602 1996 675 2048 aliia.

271 2190 318 2241 eat
345 2179 533 2261 significatio
552 2178 663 2240 harum
682 2175 884 2252 vocularum
913 2176 958 2238 eic
979 2175 1076 2237 Stich.
1098 2178 1134 2249 5,
1160 2177 1195 2251 1,
1219 2179 1238 2238 7

271 2309 291 2347 a
310 2308 357 2347 me
377 2288 580 2367 transferam,
610 2285 633 2345 i.
653 2303 682 2345 e.
703 2303 743 2343 cx
762 2282 915 2364 apotheca
932 2282 1003 2343 hori
1019 2283 1093 2344 mei.

277 2425 279 2433 ι
308 2393 358 2456 Vc.
387 2393 437 2455 46.
465 2393 572 2475 copia:
600 2390 642 2451 ef.
662 2390 730 2469 huj.
751 2408 794 2450 ac.
814 2409 860 2449 vs.
884 2389 922 2448 le
940 2406 985 2467 oq.
1027 2390 1114 2452 Haud
1133 2391 1236 2473 diepa·

266 2521 315 2561 res
334 2500 397 2562 loci
416 2508 489 2559 eunt
508 2497 588 2559 Rud.
610 2497 646 2571 2,
671 2497 710 2569 6,
732 2495 780 2557 73.
801 2503 835 2555 et
853 2493 966 2556 Bacch.
987 2497 1017 2563 4.
1038 2498 1068 2559 3.
1088 2499 1145 2560 25:

555 2604 652 2664 Taum
671 2602 791 2684 copiam
810 2622 911 2661 eccam
933 2603 1118 2685 Chrysalum
1137 2606 1236 2669 aidau.

305 2714 355 2774 Vs.
384 2713 434 2775 47.
465 2712 541 2791 qaid
559 2710 663 2792 capit:
690 2708 713 2769 i.
735 2727 781 2782 ο..
804 2726 899 2786 quam
918 2710 1040 2791 capiens
1058 2721 1116 2773 eut.
1158 2712 1236 2775 Cha-

262 2821 350 2879 rinua
370 2837 445 2878 vero
464 2818 504 2877 de
523 2816 678 2877 industria
697 2816 778 2878 male
799 2815 1001 2897 intelligens,
1031 2829 1129 2898 atque
1141 2822 1235 2900 jocu-

264 2928 330 2987 lum
360 2942 513 3003 quaereus
541 2924 575 2983 in
602 2923 722 3005 duplici
751 2923 981 3005 significatione
999 2927 1090 2987 verbi
1108 2949 1233 3012 capara,

263 3030 447 3112 respondete
479 3030 601 3089 hircum
620 3030 658 3090 ab
679 3029 749 3091 alia.
801 3031 913 3095 Variae
931 3032 1064 3095 lectioni
1084 3034 1122 3095 ud
1141 3036 1235 3096 iaca-

267 3138 389 3199 aabah'a
408 3157 472 3198 uun
492 3136 664 3200 defuerunt
683 3139 731 3199 uui
750 3141 886 3220 petroni.

306 3246 356 3310 Vs.
385 3246 435 3308 48.
457 3245 688 3306 monachatum:
717 3247 823 3309 nescio
842 3248 920 3325 quid
938 3249 1084 3312 obscoeni
1102 3250 1162 3313 hae
1182 3271 1235 3314 oc·

267 3354 389 3417 cesione
415 3354 525 3414 Piauto
555 3353 748 3415 commodare
772 3354 901 3416 studeat
919 3356 1125 3439 interpretes:
1157 3359 1235 3421 Gro-

264 3463 375 3525 novius
402 3470 489 3522 recte
518 3470 640 3535 censet,
669 3461 730 3522 hoc
759 3460 902 3522 Pseudali
921 3462 1041 3524 dictum
1062 3482 1237 3542 congruens

246 3588 330 3633 ¹case
364 3586 511 3650 responso
548 3568 698 3641 Charini,
738 3566 887 3646 quoniam
913 3568 1040 3629 tunicae
1063 3568 1235 3630 manicatae

262 3676 382 3741 alanum
404 3676 557 3737 foetorem
582 3676 684 3735 miuus
704 3674 744 3735 ad
762 3692 854 3735 nares
872 3673 1041 3754 pervenire
1058 3672 1233 3755 patiuntur.

302 3784 353 3845 Va.
375 3783 425 3845 49.
446 3784 527 3843 ocati
544 3784 582 3841 ia
593 3792 738 3866 pectore:
766 3781 788 3842 i.
810 3799 839 3844 e.
860 3778 1076 3861 prudentiam,
1108 3778 1234 3861 iugeni-

262 3910 316 3953 um
340 3898 467 3954 acutum
486 3899 520 3951 et
539 3889 687 3952 mordax:
717 3888 758 3951 ci.
780 3886 893 3951 Bacch.
915 3887 953 3963 3,
975 3887 1011 3962 3,
1037 3875 1066 3948 1'.
1086 3896 1121 3949 et
1140 3889 1233 3954 arou.

261 3996 294 4055 L.
326 3996 359 4057 Ρ.
382 4016 413 4077 p.
440 3996 507 4058 175.
551 3995 630 4056 Aliis
649 3995 755 4057 verbis
775 3996 873 4059 iterat
891 3994 1121 4075 quaestionum
1154 3995 1233 4060 Cha·

261 4102 323 4162 rini
340 4105 413 4183 joco
431 4102 465 4163 iu
484 4102 694 4167 deridiculum
713 4122 851 4181 veriam,
885 4105 962 4185 qaid
984 4101 1091 4187 capiti
1159 4118 1162 4125 ·
