3275 5117
703 542 779 617 157

254 788 310 850 30»
324 782 368 848 Ut
379 783 483 847 sciam
495 793 528 847 te
541 778 727 847 Ballionem
741 802 817 847 esse
830 784 953 867 ipsum.
976 798 1032 845 nn.
1056 777 1145 846 ceno
1156 779 1220 841 nri·

645 980 647 985 ¹
983 888 1219 979 hicpistolam.

318 1029 369 1075 sr.
392 1010 551 1096 Accipe,·
569 1028 733 1097 cognosce
745 1010 892 1096 signum.
916 1027 972 1071 nn.
997 1004 1094 1071 Oho!
1119 1001 1220 1089 Poly·

896 1118 1221 1204 machaeroplacides

318 1235 425 1301 Purus
440 1249 538 1322 putus
561 1248 614 1301 est
634 1237 752 1321 ipsus:
776 1236 878 1300 novi:
903 1233 1012 1298 heus!
1034 1256 1090 1297 sr.
1112 1230 1216 1315 Poly·

893 1341 1215 1430 machaeroplacides

317 1461 445 1529 Nomen
464 1476 535 1529 ert:
560 1463 631 1527 scio
648 1467 720 1547 jam
744 1460 809 1526 tibi
830 1482 884 1527 me
895 1473 985 1525 recte
997 1459 1132 1523 dedisse
1146 1460 1219 1544 cpi-

1075 1570 1195 1637 stolam
1209 1616 1220 1650 ,

294 1775 344 1834 Vs.
372 1774 421 1834 31.
453 1793 594 1854 capnosce
621 1774 764 1853 siquam:
792 1792 837 1834 rs.
865 1773 905 1832 29
930 1793 1019 1834 nosce
1036 1774 1219 1853 incepissem,

258 1879 325 1939 scil.
345 1880 433 1957 signo
448 1898 638 1959 expressam,
665 1896 746 1956 quae
764 1888 832 1941 erat
848 1880 1019 1958 symbolum
1028 1889 1220 1947 conventum.

274 1986 277 1991 ’
296 1985 345 2047 Vs.
367 1987 416 2048 32.
432 1996 638 2069 pompatus
654 1996 700 2046 est
715 1988 820 2068 ipsus:
835 1997 930 2068 putus
948 1985 970 2047 i.
991 2008 1022 2068 q.
1040 2005 1161 2067 puras:
1178 1985 1219 2045 cs.

254 2094 334 2155 Fest.
355 2096 378 2155 i.
398 2114 448 2168 n,
467 2095 551 2156 laud.
573 2095 612 2155 ab
631 2096 704 2155 intt.
726 2094 826 2155 Docta
841 2103 944 2155 tamen
960 2094 1142 2174 metaphora
1154 2080 1219 2153 non

253 2210 302 2261 cst
322 2222 340 2263 a
359 2202 474 2277 vincis,
505 2221 585 2280 quae
604 2211 755 2283 putantur
767 2200 901 2281 ¹quidem
920 2198 987 2259 sinc
1006 2200 1118 2272 dubio,
1148 2199 1171 2258 i.
1191 2217 1220 2259 c.

257 2309 461 2372 reciduntur:
502 2311 555 2372 sed
580 2321 707 2392 patore,
740 2308 762 2369 i.
791 2329 822 2389 q.
842 2329 955 2389 purum
974 2307 1026 2367 rel
1045 2316 1156 2387 putum
1174 2306 1222 2367 fa-

255 2436 340 2493 cero,
381 2439 440 2479 vox
468 2419 594 2499 propria
622 2426 669 2477 est
697 2415 849 2489 lanificio,
879 2392 1045 2475 ¹uiri'lana
1072 2423 1219 2497 putatur,

254 2525 378 2600 quando
397 2525 516 2586 caritur
535 2533 568 2584 et
588 2523 795 2596 carminatur,
828 2540 886 2602 per
904 2522 1044 2602 pectines
1064 2521 1232 2603 trahitur„

256 2639 293 2688 ut
312 2640 483 2708 purgetur:
507 2630 622 2687 Graece
639 2626 813 2705 ’κροκοδῦζεινε
837 2628 877 2687 cf.
901 2628 980 2688 Scal.
1002 2630 1081 2689 Cast.
1102 2628 1137 2687 in
1152 2627 1220 2688 Tib.

255 2734 289 2803 1,
322 2728 358 2805 6,
388 2735 437 2794 80.
479 2732 597 2791 Patare
625 2720 775 2792 rationem
801 2734 852 2793 vel
872 2735 1008 2793 rationes
1028 2735 1110 2814 apud
1130 2734 1222 2795 Plau·

254 2848 321 2897 tum
350 2838 470 2917 saepius
497 2859 554 2917 pro
584 2826 718 2918 liquidas
746 2840 866 2914 facere,
908 2841 1072 2922 expedire,
1103 2850 1224 2901 secreto

254 2942 374 3003 credito
394 2944 573 3023 debitoque.
616 2948 732 3008 Graeco
751 2949 906 3023 ἐκκαθαίρειν
923 2949 1063 3025 accepts:
1091 2948 1162 3010 Aut.
1181 2949 1219 3022 3,

254 3050 290 3119 5,
319 3049 376 3125 ⁵33
404 3049 489 3109 nost.
518 3052 550 3125 1,
572 3038 608 3125 3ss
642 3054 832 3131 aaran.
852 3056 885 3128 2,
916 3056 953 3129 a,
986 3056 1042 3117 15:
1068 3058 1221 3116 aaronem
1309 3093 1312 3097 »

251 3144 352 3214 soccos
382 3166 494 3237 putare
529 3161 712 3220 translatum
745 3182 802 3242 pro
827 3149 1022 3238 deliberare,
1057 3165 1219 3245 cogitare,

253 3262 414 3337 meditari,
445 3266 509 3324 Cas.
527 3265 562 3339 3,
592 3266 627 3340 2,
657 3268 706 3329 25.
1130 3262 1133 3267 ¹

181 3422 183 3425 .
294 3368 343 3429 Vs.
373 3369 500 3431 31-33.
527 3371 657 3434 liothins
683 3374 760 3435 haec
777 3375 822 3436 sic
840 3378 979 3439 ordinat:
1004 3378 1069 3439 Bal.
1087 3375 1222 3456 (seeum)

254 3476 331 3535 eho!
359 3476 735 3563 Polymachaeroplaoides
752 3502 851 3563 partas
864 3495 961 3564 pctus
978 3494 1025 3543 cst
1039 3486 1142 3567 ipsus,
1164 3471 1221 3542 oo·

253 3584 307 3643 oi:
336 3580 389 3661 (ad
407 3586 641 3666 sycophantam)
659 3588 755 3649 heus!
785 3588 902 3669 Polym.
923 3576 1034 3648 comeo
1048 3600 1106 3650 cst.
1146 3589 1221 3653 Sim.

256 3690 329 3749 Scio
346 3694 418 3771 ⁸jam
441 3700 501 3752 etc.
544 3692 643 3754 Minus
661 3703 747 3755 reete
766 3704 868 3756 tamen
890 3696 950 3756 hoc
968 3696 1111 3756 videtur:
1137 3684 1223 3774 qnod

252 3782 335 3857 enim
361 3798 495 3876 primum
518 3800 597 3862 dicit
623 3802 732 3864 Simia:
759 3802 877 3882 Polym.
906 3813 1094 3878 comoneat,
1123 3805 1220 3866 tacite

184 3957 186 3963 ,
255 3922 358 3965 secum
385 3905 487 3979 effert,
526 3917 563 3967 ut
588 3908 711 3989 longius
728 3910 808 3971 illud
826 3929 938 3971 nornen
956 3911 1037 3971 bene
1053 3898 1219 3974 memoriae

251 4009 393 4070 mandet:
425 4000 533 4089 nequo
551 4015 643 4078 aliam
668 4017 708 4078 ob
731 4038 852 4080 causam
871 4003 959 4084 ¹idern
976 4006 1090 4081 nomon
1106 4039 1151 4081 rs.
1170 4038 1215 4097 so.

251 4114 377 4177 videtur
392 4130 545 4200 repetere.
1093 4129 1097 4139 '
1164 4114 1169 4123 ’

1054 4161 1165 4272 18Ι
