3275 5117
852 529 927 606 lle

484 797 557 871 Nee
570 794 626 862 illi
639 834 650 869 ‚
663 796 820 876 quantum
832 795 897 861 ego
906 787 994 837 none
1005 760 1105 829 eorde
1117 749 1289 837 eonepieio
1298 764 1385 820 meo,

483 912 608 987 Molem
618 924 687 972 rem
698 882 1238 983 inagnum,rnnlterqneeoro1nnno
1252 862 1388 927 denunt.

445 1043 478 1105 5.
489 1026 596 1099 Velut
606 1022 688 1087 bueo
698 1009 784 1078 mihi
794 1002 909 1071 evenit
921 992 1081 1064 servitur,
1096 984 1155 1050 nbi
1166 1002 1228 1067 ego
1239 972 1391 1043 omnibns

488 1142 607 1213 Pervie
628 1128 826 1216 magnisque
847 1110 1000 1181 miseriis
1023 1096 1244 1191 praefoleior.

431 1452 521 1501 ouum
546 1422 661 1507 optime
684 1417 809 1477 tuetur,
838 1408 933 1479 etqtre
957 1392 1074 1453 frustra
1100 1380 1299 1445 sollicitatur.
1340 1370 1396 1430 Pe-

431 1545 460 1607 ri
477 1536 567 1603 modo
587 1526 670 1590 enim
686 1518 804 1597 legitur
821 1510 914 1571 Poen.
937 1500 972 1575 l,
1004 1499 1038 1571 l,
1066 1496 1123 1554 67:

569 1637 656 1700 Hono
668 1624 900 1713 perdoceamus,
931 1619 967 1669 ot
975 1608 1066 1688 Jerot
1076 1596 1248 1683 sollooiom.

434 1757 491 1819 Ubi
525 1738 669 1810 nonnulli
701 1743 827 1813 quoquo
856 1718 979 1781 malunt
1009 1719 1112 1781 serat,
1151 1706 1221 1765 Ter.
1258 1692 1336 1757 And.
1362 1692 1400 1760 2,

437 1868 473 1936 6,
506 1861 519 1920 l
540 1849 703 1937 follooiom
720 1834 816 1898 elicui
828 1836 974 1913 portoro,·
1007 1816 1105 1898 ejusd.
1124 1812 1186 1872 fab.
1211 1809 1248 1880 3,
1280 1804 1315 1875 l,
1345 1798 1401 1869 13,

429 1967 562 2057 sollario
583 1955 662 2019 ouidi
679 1944 830 2031 offerire,
856 1936 919 1997 Cio.
937 1932 1013 2009 Epp.
1030 1925 1069 1985 ud
1086 1919 1150 1982 itt.
1168 1916 1237 1976 vll.
1256 1912 1297 1971 26
1306 1910 1403 1989 frou*

442 2083 509 2141 dem
520 2074 619 2154 serre.
661 2056 772 2132 ltaque
788 2065 852 2109 non
868 2058 945 2122 opnr
963 2042 1027 2104 ert,
1059 2047 1130 2091 onrn
1147 2024 1223 2082 viris
1240 2013 1341 2077 dontio
1354 2010 1404 2068 in*

444 2174 609 2266 terpretnri
628 2168 782 2255 proferre,
814 2149 898 2233 qnod
921 2152 970 2205 eo
986 2139 1050 2202 Ceo.
1078 2135 1112 2204 3,
1136 2134 1172 2201 5,
1197 2127 1254 2187 dl:

486 2292 584 2361 Hero,
607 2291 696 2361 atque
709 2273 782 2333 horo
798 2262 899 2325 dolum
913 2263 1103 2337 eoprooemo
1112 2240 1193 2299 horto
1199 2223 1406 2316 protulerunt.

485 2401 537 2461 Vs.
558 2396 588 2456 3.
609 2386 698 2451 eorde
712 2370 870 2457 eorrrpioio
884 2381 958 2424 meo.
988 2353 1074 2417 Nihil
1090 2340 1272 2409 mutandum
1287 2347 1409 2393 censeo.
1437 2356 1441 2365 ·

451 2508 577 2593 Saepius
601 2500 645 2563 sio
662 2490 759 2554 verba
775 2493 919 2545 sensuum
935 2466 974 2529 ed
990 2462 1125 2525 animum
1143 2441 1320 2513 transferri,
1348 2448 1412 2495 non
1519 2439 1522 2445 ’

449 2631 497 2685 est
532 2608 617 2696 quod
651 2613 802 2663 moneam.
864 2578 961 2644 Corde
990 2542 1132 2633 additurn
1156 2554 1343 2641 prudenter,
1377 2548 1413 2603 ut

451 2722 631 2804 metaphora
661 2708 838 2771 indicetur:
875 2689 962 2750 linet.
995 2682 1032 2752 3,
1070 2676 1106 2746 2,
1139 2669 1194 2731 13:
1234 2678 1292 2741 quo
1317 2652 1416 2733 mooir

456 2834 552 2914 cupito
577 2843 630 2905 epo
655 2836 722 2879 eom
740 2826 804 2869 meo
822 2800 940 2868 auimo,
970 2787 1026 2851 nbi
1042 2802 1083 2847 ne
1098 2772 1277 2855 metaphora
1292 2762 1419 2841 quidem

457 2941 560 3007 adest,
587 2938 620 2991 et
637 2920 719 3004 apud
736 2916 798 2977 Cio.
817 2910 858 2970 de
874 2906 997 2965 Seneot.
1023 2896 1055 2956 5.
1080 2878 1279 2963 contemplari
1295 2873 1420 2941 ouiotot

456 3046 496 3109 ud
518 3040 587 3103 niv.
612 3031 666 3091 VI.
692 3027 721 3086 3.
747 3019 863 3079 orituro
887 3008 976 3069 video
1001 3001 1126 3063 auimo.-
1162 2990 1204 3054 ol.
1227 2989 1356 3048 Getone
1380 2972 1420 3035 nd

459 3156 523 3219 Cio.
540 3148 579 3207 de
596 3141 664 3203 Fin.
682 3133 725 3193 ΙΙ.
747 3128 793 3189 15.

502 3259 553 3319 Vs.
573 3255 602 3314 e.
622 3238 759 3308 miseriis
773 3224 984 3316 praesoloior:
1008 3214 1104 3279 multi

764 3390 771 3418 ,
800 3329 1029 3400 reluctantibus
1047 3315 1187 3399 quamvis
1205 3309 1272 3370 lior.
1288 3310 1321 3361 et
1336 3292 1427 3356 editt.

1120 3228 1191 3272 eum
1208 3198 1296 3263 Aoid.
1314 3190 1424 3258 minir-

472 3692 532 3757 Sed
556 3688 618 3749 hoo
644 3675 779 3741 ironice:
817 3664 897 3727 oitru
919 3659 1025 3736 jocum
1051 3641 1186 3701 alterum
1212 3628 1320 3689 oetam
1336 3587 1457 3677 colom¹

471 3818 590 3864 omnem
607 3786 764 3873 familiam
788 3777 961 3836 mareotae·
987 3750 1067 3818 dioit
1090 3736 1221 3819 Adelph.
1250 3732 1288 3803 a,
1319 3725 1354 3797 l,
1383 3717 1433 3781 35.
