3275 5117
863 492 943 569 mo

480 734 563 799 Eum
585 734 620 797 in
642 731 773 799 odorem
795 746 911 799 coenat
934 710 1092 820 luppiter
1113 738 1252 805 cotidie.

481 866 536 912 nt.
550 844 642 911 Odor
653 847 811 913 demissis
820 845 979 935 potibat
990 869 1044 914 co.
1057 848 1200 917 Peccavi
1214 854 1377 923 insciens.

420 962 474 1026 55.
487 982 542 1027 ns.
557 958 647 1035 Quid
659 960 737 1027 asti
769 982 824 1025 co.
849 959 938 1036 Quin
950 964 1039 1027 enim
1049 962 1207 1031 demissis
1227 969 1381 1037 manibus

1150 1078 1243 1145 volui
1257 1082 1381 1151 dicere.
1437 1120 1439 1129 ·

483 1212 537 1255 nt·
562 1188 603 1255 si
613 1209 773 1275 nusquam
786 1190 818 1257 is
834 1203 986 1267 coctum,
1007 1191 1161 1277 quidnam
1172 1198 1385 1285 coenotJup·

483 1440 537 1483 oo.
562 1416 596 1483 It
617 1418 809 1481 incoenatus
826 1415 986 1482 cubitum.
1011 1439 1067 1484 nn.
1091 1420 1109 1486 1
1132 1313 1382 1491 inmslmlt'unoemi3

1298 1560 1381 1605 cam.

483 1645 649 1712 Istaeoine
672 1665 791 1709 caussa
815 1643 883 1709 tibi
905 1644 1006 1709 hodic
1028 1668 1194 1714 nummum
1217 1650 1325 1717 debet

482 1780 537 1824 co.
559 1760 678 1823 Fateor
688 1757 842 1845 equidem
852 1780 928 1823 ese
938 1778 991 1824 me
1003 1782 1139 1848 coquom
1150 1766 1380 1835 carissumum:

418 1879 473 1941 60.
484 1872 610 1939 Verum
630 1894 690 1958 pro
711 1874 821 1958 pretio
845 1872 961 1952 socio,
985 1887 1023 1938 ut
1045 1896 1145 1961 opera
1166 1893 1321 1963 apparent

482 1984 659 2071 Mea,qno
670 1984 851 2050 conductus
862 1987 956 2049 veni.
979 2008 1035 2051 ns.
1057 1986 1381 2079 Adfumndnmqui·
1500 2053 1503 2059 ,

1294 2104 1381 2170 dom.

476 2234 531 2279 oo.
554 2212 608 2280 An
633 2214 787 2278 inveniro
809 2210 962 2299 postulas
989 2232 1183 2299 quemquam
1204 2236 1369 2301 coquum,

502 2373 545 2465 tu.
562 2414 688 2465 finistis.
725 2414 766 2464 to.
786 2412 861 2463 abest
873 2414 955 2464 enim.
992 2413 1034 2463 59.
1048 2414 1381 2479 sotoormcomooquum.

501 2510 546 2561 62.
564 2524 601 2559 oo
619 2515 649 2557 tu
665 2510 686 2558 ι’.

419 2661 485 2722 scil.
504 2680 567 2721 non
581 2658 653 2719 idco
671 2658 785 2719 mirum
801 2668 897 2735 atque
914 2658 1160 2738 inexspectatum
1178 2658 1284 2720 lenoni
1300 2662 1384 2722 noei-

420 2768 483 2838 dit,
515 2766 598 2841 qnod
614 2765 730 2847 interos
753 2766 797 2825 sic
822 2765 947 2827 odorem
968 2775 1151 2827 coenaturus
1168 2765 1382 2846 intelligebat,

422 2872 475 2933 sed
492 2875 566 2949 quia
590 2872 723 2932 alterum
740 2848 822 2929 iliud
837 2872 977 2931 demissis
999 2872 1141 2932 monibus
1155 2873 1268 2952 suqere
1287 2873 1385 2934 trula-

422 2979 529 3039 titium
553 2986 587 3037 ot
611 2975 747 3035 omnium
764 2994 905 3037 sermone
921 2979 1140 3058 pervulgatum
1156 2989 1235 3041 erat.
1276 2981 1326 3041 sio
1343 2980 1383 3041 E·

423 3086 487 3168 pid.
506 3086 535 3146 3.
554 3084 584 3144 1.
603 3082 650 3142 16.
1080 3087 1172 3145 immo
1190 3088 1219 3145 st'
1234 3087 1343 3146 oudino

490 3191 573 3251 Meos
586 3206 726 3270 pequos,
738 3188 849 3268 suqios
868 3191 1010 3251 monibus
1027 3191 1169 3252 demissis
1185 3193 1315 3253 domum.

424 3297 537 3361 Eadem
552 3296 620 3357 fere
636 3294 762 3355 notione
778 3295 909 3359 dicimus
922 3300 1087 3358 immittere
1100 3298 1248 3371 Moesos,
1267 3299 1383 3358 rudoa-

425 3419 490 3468 tes.-
508 3406 549 3468 ef.
568 3404 683 3465 Victor.
702 3400 772 3464 Van.
791 3403 877 3467 Lect.
893 3405 972 3467 XXI.
991 3405 1021 3465 2.
1415 3394 1419 3404 ’

464 3514 514 3575 Vs.
535 3515 584 3576 53.
605 3532 672 3571 eom
686 3511 879 3573 tenderem:
906 3512 974 3572 Mos.
991 3510 1052 3584 sic,
1081 3510 1133 3569 vel
1148 3517 1294 3588 corrupto
1312 3527 1382 3567 eom

425 3623 591 3695 enodarem
620 3639 639 3680 a
663 3618 775 3695 quibus
799 3638 863 3680 non
879 3616 1124 3679 deflectendum:
1150 3636 1221 3676 nam
1236 3614 1319 3674 idem
1335 3615 1384 3675 ie·

424 3748 460 3789 ra
476 3724 639 3805 estquod:
667 3735 826 3785 coenatum
839 3726 866 3783 tt
881 3724 918 3781 io
935 3722 1071 3794 odorem,
1092 3721 1134 3781 ad
1148 3720 1236 3781 illum
1253 3730 1381 3802 copton-

425 3836 506 3894 dum.
546 3833 646 3895 Nolim
670 3842 771 3895 tamen
796 3850 867 3891 eum
884 3828 982 3890 Perit.
1001 3829 1040 3889 ad
1058 3830 1160 3889 Sanot.
1180 3828 1252 3898 Min.
1272 3827 1333 3889 111.
1351 3829 1381 3889 3.
1421 3824 1425 3831 ’

423 3963 454 4020 p.
490 3941 565 4015 131,
598 3940 761 4012 offirmare,
796 3939 834 3996 to
863 3935 889 3996 si
919 3935 1016 4009 absit,
1051 3934 1291 4016 intelligendum
1315 3935 1383 3994 fere

425 4062 507 4109 osse:
534 4055 662 4126 propter
683 4055 816 4111 matrum
841 4053 943 4106 tamon
965 4043 1048 4105 idem
1064 4042 1191 4125 probat,
1213 4041 1386 4123 ‚exemplis-
