3275 5117
853 518 907 594 38

460 754 603 833 Quidem
613 756 712 823 hodie
723 771 759 825 tu
770 764 881 831 omnia
892 762 1004 841 tucis,
1030 761 1194 847 oculeum,
1216 766 1361 838 huccuti

1230 879 1245 945 l
1351 929 1362 950 .

462 984 516 1051 ’l'u
537 997 664 1067 autem,
688 1009 771 1075 quae
792 1010 854 1075 pro
879 991 989 1076 cupite
1013 903 1364 1084 urgentum'miiriliitrn

922 1108 1059 1192 jamque
1071 1128 1170 1193 coepe
1180 1128 1334 1177 numeras
1347 1157 1359 1191 ,

459 1214 509 1280 Ea
518 1216 647 1301 pacisci
658 1215 754 1281 modo
766 1217 836 1281 reio
845 1216 930 1316 :ced
942 1238 1027 1305 quae
1037 1231 1134 1304 pacto
1143 1242 1181 1287 οι
1195 1268 1205 1302 ,
1218 1243 1283 1288 non
1294 1226 1363 1290 ucis

1217 1334 1269 1401 col
1351 1382 1362 1404 .

396 1449 450 1513 90.
459 1444 677 1511 Phoenicium
689 1490 700 1525 ,
714 1443 780 1509 tibi
791 1445 874 1511 haec
888 1468 950 1535 ego
961 1445 1080 1536 loquor
1093 1494 1104 1530 ‚
1117 1447 1260 1517 deliciae
1270 1359 1362 1517 :ciarri-

1094 1578 1217 1631 metum
1228 1567 1337 1633 virum
1352 1587 1362 1635 ε

459 1672 540 1741 Nisi
563 1673 662 1739 hodio
683 1672 768 1739 mihi
781 1696 824 1740 cx
833 1675 948 1743 fundis
960 1690 1091 1744 tuorum
1103 1682 1363 1747 emicet-umora·

945 1813 987 1857 nc
998 1792 1063 1859 huc
1076 1816 1182 1882 pennu
1197 1797 1362 1876 affertur,

461 1900 544 1969 Creo
563 1900 785 1969 'Phoenicium
800 1902 979 1991 phoenicio
988 1909 1081 1972 corio
1091 1910 1221 1976 invises
1243 1932 1365 1999 pergu-

1280 2021 1362 2089 lem.

482 2190 526 2241 88.
560 2191 631 2241 miii
639 2158 759 2257 jamque.
794 2172 837 2243 89.
864 2193 911 2242 rod
925 2194 995 2259 quoti
1011 2220 1043 2231 -
1059 2194 1148 2243 ιιιοὸι
1166 2192 1277 2245 coicere.

400 2340 476 2402 dens
494 2340 591 2402 oleum
597 2387 605 2416 ,
629 2352 666 2403 ut
689 2362 795 2403 census
814 2352 912 2403 esset:
935 2344 1039 2405 oleum
1058 2343 1143 2404 haud
1161 2343 1265 2423 magni
1284 2362 1362 2423 pen·

401 2449 465 2523 dio,
497 2450 584 2510 aliud
612 2459 808 2529 unguentum
827 2451 925 2529 magis
944 2470 1042 2525 amco,
1075 2470 1138 2531 quo
1157 2449 1224 2511 scil.
1245 2448 1367 2529 pulmo-

401 2576 457 2617 nes
482 2556 636 2637 deungas:
666 2557 719 2618 sed
744 2577 850 2618 ornnes
876 2557 944 2617 Mos.
970 2567 1003 2617 et
1020 2556 1110 2617 editt.
1130 2565 1240 2617 tenent
1256 2556 1366 2617 deoiu-

400 2664 464 2737 cu'u,
494 2663 580 2744 quod
604 2672 714 2725 contra
731 2665 870 2727 virorum
886 2665 1049 2727 doctorum
1065 2684 1195 2727 acumen
1212 2665 1369 2746 aptissime

401 2768 581 2831 defenditur
614 2770 733 2832 duabus
765 2772 977 2834 locutionibus
1008 2773 1233 2854 persimilibua,
1269 2773 1369 2835 altera

402 2876 484 2955 apud
511 2876 601 2955 Prop.
621 2876 687 2950 ΙΙΙ,
718 2878 752 2951 3,
776 2870 835 2939 tt:

498 2984 547 3045 Me
565 2986 657 3063 jurat
674 2994 705 3042 ct
723 2984 817 3044 multo
835 2998 964 3048 mentem
984 2992 1107 3051 vincire
1128 2990 1238 3071 Lyceo.

401 3090 501 3152 altere
518 3090 553 3149 in
573 3090 658 3169 Virg.
681 3091 790 3170 Georg.
813 3091 859 3153 ll.
880 3094 929 3156 9Ι.

442 3197 485 3259 Et
498 3218 592 3280 poteo
611 3198 744 3278 Poytlriu
762 3201 887 3278 utilior,
919 3208 1082 3286 tenuisque
1103 3205 1235 3285 Lupum,

446 3306 617 3367 Teutoturo
632 3307 727 3389 pedes
746 3309 835 3383 olim,
867 3312 1073 3393 vincturaque
1093 3313 1245 3391 linquam.

403 3416 480 3475 Tum
509 3413 616 3475 eadem
644 3436 717 3477 usus
744 3420 925 3501 metaphora
943 3421 1071 3482 Plautus
1091 3419 1176 3479 Trin.
1198 3418 1234 3491 3,
1266 3416 1300 3490 2,
1330 3418 1370 3477 32

400 3522 500 3583 dixit:
547 3524 580 3583 oi
613 3527 738 3586 certeris
775 3530 921 3601 cinctus,
961 3536 995 3587 et
1023 3525 1143 3604 saepius
1171 3523 1303 3603 legimus
1331 3524 1371 3585 de

399 3633 516 3693 cinctio
534 3652 648 3694 comeo.

442 3739 492 3801 Vc.
522 3741 571 3802 92.
600 3744 721 3803 inciaco
741 3742 920 3823 perpetum,
957 3739 1043 3800 hunc
1061 3757 1179 3799 morem
1197 3747 1371 3799 scortorum

400 3847 434 3907 in
459 3848 692 3911 meritoriorum
716 3849 862 3929 pergulas
884 3846 1138 3908 deducendorum
1160 3846 1282 3927 copiose
1298 3865 1371 3927 per·

402 3955 561 4033 sequitur,
594 3968 626 4017 et
651 3956 799 4035 exemplis
825 3956 964 4017 illustrat
984 3954 1089 4016 Barth.
1108 3953 1185 4016 Adr.
1205 3953 1298 4017 XLII.
1322 3955 1369 4014 17.
