3275 5117
887 475 969 555 150

441 716 494 777 30.
504 708 685 777 Memorem
696 712 918 779 immemorem
930 716 1032 797 feeit,
1054 722 1332 816 quimonetquod
1341 754 1411 799 me·

879 848 949 894 mor
960 836 1126 901 meminit.
1147 834 1407 927 Teneoomnio,

507 936 547 1001 ln
579 948 713 1021 peolore
746 939 879 1005 eondita
912 958 1012 1013 sunt:
1046 950 1201 1017 meditati
1234 970 1314 1021 sunt
1336 959 1407 1025 doli

962 1056 1068 1126 docte.
1090 1085 1140 1129 es.
1154 1065 1282 1135 Probus
1294 1070 1351 1138 hie
1363 1089 1415 1140 est

506 1164 625 1231 Homo.
648 1188 693 1231 si.
707 1163 827 1257 Neque
837 1168 893 1234 hie
905 1185 977 1252 est,
991 1194 1099 1264 neque
1111 1202 1185 1267 ego.
1208 1205 1260 1249 ns.
1272 1185 1320 1250 At
1330 1186 1408 1253 vide

711 1330 715 1339 .
828 1303 869 1347 ne
881 1284 1021 1354 titubes.
1044 1309 1088 1355 sn.
1101 1290 1213 1359 Potin'
1227 1310 1264 1361 ut
1275 1303 1411 1366 teoeosi

512 1414 564 1459 ns.
588 1391 642 1460 Ito
652 1414 704 1459 me
717 1392 779 1460 Dii
791 1413 914 1463 ament.
946 1421 990 1465 si.
1014 1401 1141 1470 Itanon
1154 1408 1298 1491 lanient,
1321 1434 1412 1480 mern

1013 1520 1085 1602 jem
1096 1522 1410 1594 mendesiofondos.

511 1641 561 1684 ns.
585 1618 759 1706 Utegoob
772 1632 885 1701 tunm,
912 1625 1041 1705 Simia,
1061 1632 1412 1716 perfidiemteemoet

1014 1756 1125 1810 metuo
1139 1791 1149 1825 ‚
1165 1752 1411 1839 etmegnifieo!
1491 1751 1493 1754 ’

450 1849 503 1911 35.
516 1868 558 1912 ss.
582 1848 654 1934 Ego
665 1849 753 1914 istuc
765 1846 846 1915 eliis
861 1850 938 1917 dore
949 1857 1069 1921 eondid

1082 1994 1146 2038 non
1156 1990 1252 2060 potes
1264 1978 1412 2067 pnlpum.

489 2190 539 2251 Vs.
558 2190 607 2251 31.
623 2178 738 2273 probus
757 2182 806 2251 lie
825 2193 871 2253 ost·
888 2193 994 2255 bomo:
1007 2195 1085 2258 heoo
1103 2201 1309 2265 ociteseoum
1317 2199 1412 2267 Pseu-

445 2298 551 2370 dolus,
582 2299 627 2359 ite
645 2307 681 2359 ut
700 2308 800 2360 tumen
820 2301 965 2364 exaudiet
982 2303 1086 2366 Simia.
1128 2306 1236 2381 Ludit,
1259 2320 1295 2371 ut
1312 2312 1409 2386 solet,

448 2406 591 2485 ambigue
616 2405 843 2487 significatione
876 2409 960 2470 vocis
986 2412 1119 2493 probos:
1147 2434 1218 2475 nam
1247 2417 1415 2479 Pseudolus

446 2493 575 2593 propter
595 2534 647 2587 ee,
679 2531 759 2591 quae
786 2535 825 2575 ex
852 2516 946 2579 Simia
963 2518 1141 2594 audiverat,
1165 2524 1301 2585 animum
1320 2526 1414 2587 indn-

447 2621 508 2695 oit,
530 2631 567 2683 ut
585 2622 676 2682 illum
699 2624 857 2698 utibilom,
878 2624 1024 2685 idoneum
1040 2627 1197 2689 hominem
1214 2631 1414 2711 dieotffoen.

446 2729 482 2802 3,
502 2732 537 2803 3,
553 2730 610 2807 673
627 2731 736 2803 Ges5,
757 2733 792 2806 l,
812 2732 850 2808 23
870 2732 940 2813 huj.
958 2732 1020 2796 sab.
1039 2737 1069 2796 l.
1087 2738 1116 2796 2.
1130 2738 1192 2815 ll).
1234 2739 1415 2804 Sinniovero

380 2866 382 2870 Α
449 2854 507 2917 pro
526 2836 622 2897 bonos
641 2836 767 2918 eooipit.

487 2941 538 3003 Vs.
566 2944 615 3005 33.
643 2946 689 3002 ito
707 2964 753 3003 me
779 2945 838 3005 mi
853 2959 977 3009 omont:
1006 2951 1154 3032 epodosin
1171 2956 1344 3019 sententiae
1361 2978 1415 3020 oe·

452 3032 578 3128 cupivit
619 3048 751 3124 Simius,
785 3050 918 3113 dicens:
965 3078 1050 3118 mero
1083 3062 1244 3123 mendacio
1269 3066 1417 3144 suadeo:

451 3155 614 3216 continuet
638 3164 742 3216 temen
770 3157 942 3221 orationem
968 3163 1136 3226 Pseudolus
1163 3188 1206 3227 vs.
1233 3188 1297 3246 sq.‚
1330 3188 1367 3233 ne
1392 3173 1419 3232 si

452 3261 534 3321 nihil
561 3260 620 3321 sihi
646 3262 856 3325 interlocutus
880 3278 960 3329 esset
977 3271 1089 3333 Simia:
1119 3274 1203 3351 quod
1220 3295 1282 3336 non
1299 3279 1419 3339 intelli·

346 3355 349 3361 ⁵
453 3378 563 3449 gentes
587 3370 793 3451 interpretes,
824 3374 1036 3439 admirationis
1058 3381 1181 3459 signum
1199 3382 1420 3462 adposuerunt.

454 3476 605 3537 Similiter
622 3470 751 3553 sortisse
768 3501 813 3542 us.
833 3483 882 3544 36.

492 3584 543 3645 Vs.
564 3586 613 3648 35.
635 3586 796 3648 obtrudere
810 3591 953 3674 podium,
971 3592 1110 3674 palpari,
1132 3593 1224 3675 palpo
1237 3606 1416 3675 perculere,

451 3694 578 3775 proprie
594 3704 640 3755 ost
657 3696 761 3771 molli,
789 3698 903 3781 blenda
920 3718 1014 3759 manu
1032 3708 1244 3762 contrectare:
1274 3699 1348 3763 hine
1363 3724 1422 3784 pro

449 3801 584 3876 adulari,
615 3802 768 3879 blandiri,
798 3802 953 3865 adolendo
969 3804 1131 3885 decipere:
1157 3805 1197 3867 ol.
1218 3806 1298 3869 llud.
1320 3809 1353 3883 l,
1381 3810 1416 3884 2,

448 3908 506 3982 38,“
532 3908 684 3971 bominem
710 3910 841 3984 molum,
865 3914 1046 3993 perjurum,
1074 3912 1278 3993 polemonem.
1325 3917 1420 3977 Turn.

449 4015 486 4074 ud
504 4016 612 4097 Amph.
635 4018 669 4091 l,
697 4020 733 4093 3,
759 4019 788 4078 9.
890 4079 894 4087 ,
