3275 5117
712 470 791 545 119

304 709 309 732 “
335 710 568 777 Meministine
591 707 656 773 tihi
678 728 731 773 me
753 706 876 773 dudum
898 708 1034 789 dicere,
1105 718 1107 721 ’

337 824 419 889 Eam
441 824 577 889 venisse
598 819 704 885 militi
725 819 951 887 Macedonici

339 961 384 1003 si.
408 936 563 1003 Memini.
598 954 653 1000 nn.
677 932 788 1015 Hem,
813 934 910 1003 illius
933 939 1241 1008 servoshucadme

911 1066 1084 1138 argentum
1095 1054 1211 1121 attulit
1226 1102 1236 1135 ,

277 1172 330 1233 30.
340 1166 385 1232 Et
407 1166 618 1251 obsignatum
638 1162 835 1248 symbolum.
870 1187 914 1229 si.
939 1162 1030 1240 Qum
1049 1168 1194 1251 posteat

338 1300 393 1346 nn.
409 1278 477 1355 Qui
490 1282 579 1345 inter
590 1300 643 1344 me
654 1290 754 1366 atque
764 1277 863 1343 illum
873 1277 1016 1343 militem
1029 1296 1235 1349 convenerat:

341 1394 376 1460 ln
390 1415 501 1459 secum
514 1392 657 1458 abduxit
669 1390 843 1457 mulierem
854 1391 943 1459 haud
952 1392 1057 1459 multo
1068 1398 1175 1482 prius.

338 1530 380 1575 ss.
406 1507 530 1573 Bonan’
543 1505 611 1571 fide
623 1508 712 1571 istuc
725 1504 838 1570 dicisi
851 1526 907 1571 nn.
919 1504 1016 1571 Unde
1028 1530 1068 1573 ea
1078 1511 1125 1573 sit
1135 1510 1236 1575 mitit

338 1615 382 1687 si.
396 1618 487 1685 Vide
496 1605 591 1683 modo
602 1641 644 1683 ne
655 1616 730 1683 illic
743 1620 790 1683 sit
804 1620 1040 1687 contechnatus
1054 1624 1235 1710 quippiam.

265 1739 397 1800 dmm.
419 1731 572 1819 Epistola
594 1745 692 1819 atque
715 1733 825 1821 imago
846 1754 898 1798 me
920 1748 1045 1801 certum
1067 1737 1162 1802 facit.

341 1846 431 1923 Quin
450 1852 522 1934 jam
532 1846 666 1933 quidem
686 1845 780 1911 illam
792 1849 828 1911 in
843 1848 1018 1932 Sicyonem
1030 1872 1075 1915 ex
1089 1850 1168 1915 urbe
1179 1852 1236 1916 ad·

1015 1963 1234 2030 duxitmodo.

207 2162 210 2173 ,
337 2098 380 2142 si.
394 2074 484 2141 Bene
495 2073 607 2141 hercle
620 2073 850 2151 lectquuid
862 2098 923 2163 ego
933 2076 1235 2144 cessol’seudolum

339 2192 463 2256 Facere
478 2234 488 2269 ‚
512 2203 549 2255 nt
561 2190 617 2254 det
626 2211 743 2255 nomen
756 2187 796 2252 ad
808 2187 968 2254 molarum
980 2188 1166 2255 coloniam?

342 2391 386 2441 33.
406 2390 499 2441 donam
511 2388 603 2455 fldem.
639 2388 681 2437 36.
700 2386 858 2452 quintilem
874 2387 978 2450 quidm
988 2389 1059 2451 jam.

339 2486 383 2535 38.
402 2486 438 2533 ud
453 2484 538 2533 moloc
555 2482 664 2532 colinas.

311 2633 361 2693 Vs.
389 2635 438 2693 36.
469 2633 608 2693 adducit.
649 2632 761 2692 Procul
789 2631 886 2692 dubio
912 2615 1121 2712 probandum,
1152 2638 1236 2713 quod

271 2737 472 2815 quorumdam
510 2716 576 2798 lllss.
615 2748 647 2797 et
671 2738 808 2798 omnium
837 2737 927 2798 editt.
956 2748 1018 2799 vet.
1049 2743 1236 2805 auctoritate

273 2843 402 2915 nititur,
429 2843 573 2904 'abducit

310 2947 359 3007 Vs.
386 2949 434 3008 38.
465 2948 612 3009 molarum
632 2950 790 3011 colonium.
832 2951 899 3013 llss.
920 2973 1024 3015 omncs
1043 2955 1137 3016 moloc
1156 2958 1234 3018 colo·

270 3056 377 3129 niom,·
407 3054 497 3116 editt.
520 3064 596 3116 vett.
607 3101 615 3130 ,
639 3056 722 3117 inter
742 3076 818 3135 quas
838 3067 871 3118 et
891 3059 998 3140 steph.
1020 3081 1113 3123 versu
1131 3073 1233 3145 septe·

270 3162 357 3222 nario
385 3160 545 3222 molarium
563 3163 729 3237 coloniam,
761 3166 847 3241 quod
866 3185 903 3225 cx
924 3167 1138 3229 emendatione
1156 3170 1237 3231 male

269 3269 423 3330 intellecti
443 3268 564 3347 antiqui
583 3269 715 3349 genitivi
735 3271 829 3331 molus
842 3272 967 3333 fluxisse
981 3274 1120 3349 videtur,
1142 3293 1235 3352 quem

238 3361 241 3367 ¹
269 3386 485 3457 praeterquam
513 3378 573 3439 hoc
602 3378 686 3451 loeo,
718 3360 978 3459 deprehendimus
1007 3382 1101 3442 etiam
1129 3382 1163 3439 in
1182 3402 1233 3442 ar·

269 3502 352 3561 gum.
374 3480 484 3563 Amph.
509 3484 543 3556 l,
576 3494 608 3544 ct
628 3486 719 3545 Poen
742 3486 823 3546 Prol.
845 3486 901 3558 51,
932 3486 988 3545 ubi
1006 3506 1090 3547 nunc
1109 3486 1235 3562 quidem

269 3592 364 3671 vulgo
401 3592 506 3652 editur
540 3594 725 3666 comoediai,
773 3591 826 3652 sed
864 3592 1037 3669 antiquitus
1070 3593 1236 3654 comedim

270 3715 395 3779 quoque
415 3698 593 3778 legebatur,
616 3709 696 3759 teste
716 3700 826 3761 loanu.
845 3700 996 3760 Saraccno
1013 3700 1082 3759 Not.
1091 3698 1125 3757 in
1134 3698 1235 3761 Plant.

271 3805 346 3866 edit.
368 3806 477 3866 Venet.
501 3806 593 3880 1518,
626 3807 682 3883 qui
702 3807 865 3884 utriusque
883 3806 1056 3886 scripturae
1075 3806 1233 3867 meminit:

272 3914 312 3974 cl.
335 3913 418 3975 Voss.
439 3912 564 3973 dedat.
587 3914 718 3975 Gremm.
740 3913 792 3973 lv.
813 3914 843 3973 3.
873 3910 961 3988 Quod
980 3912 1014 3971 iu
1033 3913 1146 3973 nostris
1162 3915 1233 3975 vul·

270 4038 309 4097 go
329 4020 460 4099 legimus
480 4020 642 4094 melorum,
674 4040 730 4102 per
748 4030 884 4081 metrum
903 4029 985 4081 stare
1004 4021 1124 4097 nequit.
