3275 5117
841 485 921 563 tta

462 724 607 793 Dabin’l
630 746 686 791 aa.
710 722 896 791 Dabuntur.
920 745 964 789 ιι.
978 724 1051 790 Heo
1062 728 1197 813 quidem
1207 728 1363 793 aetum'st

1166 840 1252 906 baud
1263 842 1361 908 male.

464 951 1362 1020 Sedbomiuemoonveuiatin'lns.lmmoambessimul.

461 1090 504 1134 sr.
529 1064 620 1144 Quid
631 1065 693 1134 aitl
706 1066 787 1154 quid
798 1066 926 1133 narrati
939 1089 1079 1156 quaeso,
1092 1070 1174 1158 quid
1186 1059 1271 1136 dioit
1283 1070 1363 1136 sibit
1481 1080 1484 1087 '

462 1204 518 1249 ns.
541 1180 657 1269 Nugas
682 1179 830 1260 theatri,
853 1180 956 1246 verba
976 1204 1060 1269 qnae
1082 1184 1119 1247 in
1138 1184 1320 1250 comoediis

401 1302 457 1365 2⁰.
470 1294 587 1363 Solent
608 1295 722 1361 lenoni
744 1294 838 1373 dioi,
862 1317 947 1381 quae
966 1298 1065 1381 pueri
1086 1300 1221 1364 solunte

463 1407 591 1477 Malum
603 1421 637 1474 et
648 1407 829 1474 seelestam
839 1421 873 1473 et
883 1412 1055 1496 perjurum
1065 1411 1178 1498 aJebat
1191 1434 1266 1477 esse
1276 1434 1342 1479 me.

461 1550 506 1591 er.
519 1523 581 1591 Pol
593 1523 958 1589 annumerarentur.
970 1524 1060 1613 Ergo
1072 1524 1160 1591 haud
1171 1528 1278 1592 iratus
1291 1528 1362 1593 luit

461 1638 547 1707 Nam
569 1640 685 1726 quanti
706 1637 811 1702 refert
834 1650 867 1702 te
889 1658 951 1703 neo
965 1647 1065 1703 'reete
1088 1638 1227 1719 disere,

461 1751 530 1830 Qui
553 1751 657 1817 nihili
679 1753 805 1830 faeiat,
830 1753 956 1839 quique
978 1750 1114 1817 inficias
1136 1775 1201 1819 non
1224 1754 1302 1819 eati

398 1870 509 1933 25.sr.
535 1864 626 1941 Quid
649 1876 720 1943 est,
743 1864 832 1951 quod
843 1884 909 1929 non
918 1879 1046 1931 metuas
1060 1866 1177 1933 abeol
1201 1868 1237 1933 id
1248 1868 1364 1934 audire

1209 1971 1212 1976 ’
1227 1995 1363 2068 expeto.

462 2118 516 2161 ns.
542 2093 631 2170 Quia
640 2113 807 2181 nunquam
818 2091 858 2157 ab
870 2113 923 2157 me
934 2092 1074 2158 abdueet
1086 2092 1261 2159 mulierem
1270 2102 1361 2181 jam,

1167 2218 1361 2293 neapotest.

467 2380 509 2434 17.
527 2381 704 2432 eossmdsta’
724 2379 865 2429 tumim.
902 2379 944 2429 18.
963 2394 1059 2443 quom
1074 2380 1142 2429 ds‘es‘t
1159 2385 1179 2430 t.

465 2475 508 2527 21.
527 2475 643 2541 ajeboat.
677 2474 721 2525 22.
740 2489 785 2539 opo
803 2474 883 2525 baed.
917 2473 961 2526 23.
979 2473 1051 2524 abest
1069 2480 1104 2525 te.
1138 2472 1183 2525 24.
1201 2476 1248 2539 qus·
1264 2474 1346 2525 stati.

397 2655 477 2717 ICtis
502 2656 537 2715 in
564 2653 645 2716 hune
673 2672 740 2713 rem
766 2661 918 2734 ooneepta
936 2660 1120 2733 parataque,
1153 2652 1237 2729 quod
1256 2653 1307 2712 vel
1326 2672 1365 2711 ex

398 2764 462 2825 sola
481 2761 663 2822 delinitione
682 2760 892 2841 stipulationis
910 2758 1090 2838 intelligere
1108 2758 1201 2833 lieet,
1224 2768 1366 2836 quaeest

400 2868 482 2948 apud
500 2868 604 2947 Pomp.
625 2868 658 2927 L.
680 2868 700 2928 5
720 2868 735 2945 fi
758 2866 785 2928 1.
806 2867 843 2927 l).
864 2866 901 2925 de
920 2866 1003 2926 verb.
1025 2865 1104 2928 obt.-
1123 2865 1195 2926 vide
1215 2866 1292 2927 Inst.
1307 2866 1366 2927 111.

402 2976 450 3035 16.
482 2975 509 3033 l.
541 2973 650 3051 ibique
677 2973 770 3033 Vinn.
792 2974 951 3035 l'ormulas
969 2974 1207 3054 stipulationum
1227 2974 1368 3034 solennes

399 3098 544 3162 expresse
564 3080 691 3140 sustulit
710 3080 771 3139 Leo
790 3079 973 3159 Imperator.
992 3110 996 3112 “
1014 3083 1130 3142 Graece
1149 3079 1293 3141 redditur
1312 3081 1367 3140 sti-

398 3188 518 3271 pulatio
537 3186 710 3261 ἐπερώτησις,
735 3188 876 3263 quamvis
896 3189 1141 3268 interrogatione
1161 3198 1193 3247 ot
1213 3188 1365 3268 responsi-

400 3314 459 3357 one
478 3302 631 3356 constans.

437 3402 488 3463 Vs.
518 3401 567 3462 23.
599 3418 672 3459 nom
698 3400 732 3459 in
757 3399 1056 3481 interrogationibus
1076 3400 1228 3462 Plautinis
1247 3399 1312 3458 lere
1331 3418 1365 3459 a÷

396 3507 537 3569 bundare
556 3504 699 3584 uidetur3
721 3507 776 3567 sed
794 3508 840 3569 sie
859 3508 1075 3587 interrogandi
1093 3506 1252 3569 vocabulis
1272 3523 1362 3585 prae-

285 3696 288 3703 ,
398 3617 525 3677 mittere
551 3614 646 3688 solet,
676 3632 772 3691 quum
800 3616 895 3694 vulgo
922 3616 957 3674 in
984 3614 1047 3673 fine
1071 3613 1268 3674 annectitur:
1299 3630 1365 3671 sae-

398 3724 522 3805 pissime
542 3741 571 3783 v.
592 3742 620 3783 o.
641 3722 780 3783 ridemus
796 3742 870 3782 nom
885 3722 962 3802 quid
974 3740 1032 3802 pro
1041 3720 1209 3800 quidnam:
1228 3719 1367 3781 boelooo

399 3840 502 3891 tamen
520 3830 685 3891 molestum
704 3849 767 3890 non
786 3840 834 3889 est
854 3848 938 3902 nom,
971 3828 998 3885 si
1018 3826 1158 3888 oratione
1177 3835 1265 3887 reeta
1283 3824 1366 3885 idem

401 3937 579 3998 efferamus:
619 3956 682 3996 uon
711 3938 811 3997 iratos
823 3937 895 4014 sui,
927 3955 999 3994 nom
1018 3933 1104 3993 sitit
1123 3936 1220 4012 refert
1239 3944 1268 3992 te
1288 3931 1366 3991 mole

401 4044 501 4105 dicere
521 4044 586 4117 illi,
620 4045 674 4121 qui
685 4046 788 4123 sociat
807 4043 969 4104 maledieto
990 4052 1043 4104 tuo
1063 4040 1168 4111 sitiit.
