3275 5117
734 528 788 605 29

346 772 451 843 Mihi»
481 743 1248 868 Egoeoinnucellutn,‘ntpieeiumquic'quid

820 898 894 965 est,
913 889 1022 972 pretio
1031 896 1247 975 praestinent.

343 1004 362 1072 1
372 1024 589 1091 poemiae,
611 1023 654 1067 ne
665 1002 844 1089 quiequam
859 1000 1047 1085 pertundet,
1059 1025 1248 1077 crumenam

1058 1122 1169 1186 cautio
1181 1136 1248 1189 est.

340 1232 414 1301 vVel
435 1235 608 1322 opperire:
633 1243 687 1298 est
709 1230 798 1320 quod
820 1228 909 1295 domi
933 1228 1048 1298 dicere
1067 1253 1173 1319 paene
1194 1237 1248 1303 ini

1106 1346 1246 1415 oblitus.

343 1459 516 1528 Auditin’t
527 1459 639 1539 vobis,
650 1456 1245 1539 mulieres,l1enchnbeoedictionem=

279 1580 336 1642 40.
347 1574 421 1643 Vos
444 1595 529 1663 quae
548 1573 586 1639 in
603 1572 809 1653 mundiciis,
831 1570 1019 1650 molliciis,
1045 1573 1247 1663 deliciisque

928 1687 1106 1756 aetatulam
1117 1693 1222 1778 agitis
1233 1737 1245 1770 ,

319 1857 369 1921 Vs.
395 1859 445 1921 362
469 1860 604 1943 piscium
631 1860 779 1940 quicquid
802 1870 866 1919 est:
893 1858 1023 1922 fortusse
1048 1860 1102 1923 hio
1120 1880 1246 1941 quoque

277 1966 364 2028 locus
391 1977 440 2028 est
467 1965 742 2041 animadversioni,
765 1984 860 2044 qnam
878 1965 1009 2046 legimus
1024 1967 1107 2049 apud
1119 1970 1245 2032 liuhnl.

278 2072 317 2135 ud
346 2076 417 2136 Ter.
447 2074 519 2136 ileo.
540 2074 576 2149 3,
607 2075 640 2147 5,
674 2074 729 2149 13,
760 2081 884 2134 veteres
902 2073 970 2134 scil.
990 2093 1057 2134 rem
1075 2074 1135 2135 hoc
1152 2076 1244 2138 modo

275 2190 448 2244 extenuare
475 2183 585 2244 solere.
615 2212 656 2225 -
680 2181 784 2263 pretio
811 2182 1019 2261 preeetiuem:
1054 2181 1094 2242 de
1108 2186 1244 2264 pecenti-

275 2307 354 2349 uure
382 2298 415 2349 ct
443 2290 600 2349 destinare
619 2306 680 2368 pro
699 2306 798 2347 emere
817 2288 868 2348 cii.
889 2288 982 2349 Grou.
1004 2287 1037 2348 1..
1058 2289 1092 2349 P.
1112 2310 1143 2369 p.
1167 2291 1242 2353 15οε

269 2399 372 2479 pretio
394 2397 448 2458 hic
473 2396 633 2459 abundare
657 2395 802 2468 uidetur,
832 2400 869 2455 nt
895 2405 1023 2474 orpento
1047 2396 1134 2477 Epid.
1154 2399 1185 2458 2.
1212 2399 1242 2460 2.

271 2502 329 2564 ot:
365 2504 543 2581 exquibus
569 2501 700 2579 adjectis
723 2501 806 2561 sonte
834 2501 992 2580 conjicere
1016 2503 1108 2577 licet,
1147 2506 1243 2569 verbu

159 2616 161 2627 '
268 2611 468 2690 praestituere
497 2618 530 2669 ct
556 2608 714 2669 destinare
741 2607 926 2687 simpliciter
951 2629 1009 2693 pro
1033 2631 1133 2671 emere
1159 2612 1242 2674 unti-

272 2716 429 2792 quissimis
454 2715 646 2794 temporibus
671 2713 810 2777 nondum
834 2715 869 2776 in
895 2737 956 2778 usu
977 2717 1082 2779 inisse.

314 2821 364 2880 Vs.
386 2821 436 2882 37.
459 2822 563 2880 cautio
582 2830 644 2895 est,
676 2822 698 2883 i.
718 2841 745 2883 e.
763 2824 933 2886 cavendum
948 2836 1004 2887 est.
1045 2826 1156 2887 llotuit
1173 2846 1241 2889 scc-

272 2935 354 2987 tores
387 2928 543 3002 zonarion,
581 2946 716 3006 quorum
749 2931 855 3013 lepide
884 2943 932 2995 est
961 2933 1130 3015 descriptio
1154 2935 1238 2996 Trin.
1329 2974 1332 2979 -

272 3035 306 3108 1,
334 3035 367 3107 2,
397 3035 447 3095 20.
476 3054 544 3114 sqq.
595 3038 661 3098 Nisi
685 3039 802 3101 diserte
828 3060 951 3121 censum
973 3041 1103 3105 adderet
1128 3048 1237 3123 positu,

270 3140 407 3222 Theoph.
439 3149 501 3217 περὶ
526 3145 656 3218 ἀπιστίας
680 3146 832 3209 inducero
854 3157 973 3229 posset,
1013 3158 1050 3209 ut
1073 3148 1166 3210 ulium
1190 3168 1239 3209 us·

266 3247 458 3327 signaremus
490 3250 678 3332 prudentiae
711 3254 849 3327 lenonis,
880 3274 1014 3336 puerum
1036 3256 1163 3335 praeire
1183 3255 1237 3333 ju-

265 3354 387 3418 bentis:
417 3362 465 3419 ’νῦν
496 3360 610 3422 ἄπιστον
642 3361 727 3422 onim
750 3361 831 3422 dicit
856 3366 904 3423 uis
932 3362 1020 3423 παῖδα
1046 3363 1240 3423 ἀκολουθοῦντι

265 3468 386 3526 κελεύειν
412 3467 500 3527 αὑτοῦ
531 3465 634 3529 ’ὄπισθεν
665 3476 703 3542 μῆ
741 3469 879 3547 βαδίζειν.
911 3470 982 3529 ἀλλ’
1009 3468 1163 3543 ἔμπροσθεν,
1193 3466 1238 3529 ‘ieet

264 3572 449 3647 Φυλάττηται
465 3572 553 3643 αὐτὸ,
578 3582 617 3649 μὴ
637 3582 664 3636 ἓν
681 3582 716 3653 τῇ
740 3577 788 3654 1δῷ
809 3575 960 3649 ἀποδράσῃ.
977 3610 1014 3626 -v

303 3678 354 3739 Vs.
381 3680 430 3740 10.
458 3680 650 3741 sctuudieiie:
680 3682 858 3741 mendicius
880 3690 955 3741 sunt
977 3680 1078 3754 nitor,
1108 3679 1234 3759 elegun-

265 3785 324 3857 tie,
362 3786 396 3845 in
431 3786 584 3861 uestibus,
626 3789 826 3870 supellectile
851 3798 912 3850 cto.
939 3787 1124 3868 conspicuat
1160 3786 1236 3847 hinc

261 3892 389 3965 mundo,
424 3892 496 3953 cist.
524 3894 558 3967 1,
589 3895 620 3967 1,
649 3898 688 3957 57
712 3916 770 3977 pro
796 3898 899 3957 nitida
908 3897 1045 3977 semino.
1069 3927 1111 3939 —
1136 3894 1230 3954 Actu·

260 3996 372 4072 tulum,
399 4001 494 4062 vitum
510 4003 654 4078 mollem,
684 4004 906 4085 voluptariam:
932 4003 981 4066 off.
997 4002 1070 4065 intt.
1093 4001 1132 4063 ud
1145 3991 1229 4063 Suet.

263 4104 367 4167 Claud.
393 4108 439 4168 10.
