3275 5117
864 552 945 631 160

417 793 567 863 75.Num
591 815 652 880 ego
673 812 760 859 aram
772 794 860 858 domi
881 794 1058 879 imperator
1068 813 1214 858 aummua
1227 796 1263 859 iu
1272 796 1379 881 patria

1291 930 1376 975 mea.

477 1042 531 1086 aa.
553 1020 607 1087 Aa
630 1018 1371 1110 etiamilleuuquamexpugnat-mmmmm,

1106 1136 1247 1221 patriam
1258 1136 1374 1201 tuami

477 1269 535 1313 aa.
544 1244 783 1313 Contumeliam
797 1248 829 1311 ai
839 1245 1307 1326 dicea,audlcr.aa.Qootumo
1319 1250 1375 1315 «lic

478 1362 534 1427 Ex
546 1360 689 1445 Sicyone
700 1360 764 1425 huc
774 1360 985 1446 perveniatil
1008 1382 1067 1428 at.
1089 1359 1375 1429 Altemadaeri-

1270 1476 1373 1542 diem.

478 1612 533 1657 aa.
557 1589 698 1656 Strenue
719 1586 886 1655 mehercle
901 1590 975 1655 iuti.
1010 1588 1171 1665 Quamvir
1181 1593 1305 1677 pernix
1315 1590 1373 1657 hic

1189 1718 1243 1770 cat
1252 1703 1347 1769 luomo
1360 1726 1373 1770 c

415 1824 468 1887 80.
479 1818 548 1885 Ubi
560 1836 669 1883 auram
680 1818 844 1903 aspicim,
857 1818 946 1883 aciae
957 1838 1056 1904 poree
1067 1840 1142 1884 eum
1151 1840 1267 1905 gerere
1280 1839 1370 1883 crua-

1117 1953 1172 1996 aaa
1184 1931 1370 2018 compellar.

479 2045 568 2122 Quid
581 2045 659 2111 uiri
678 2057 756 2111 true
768 2046 869 2110 etiam
879 2043 1028 2108 cubitare
1039 2042 1160 2109 eolitua
1174 2066 1210 2110 ca
1223 2048 1259 2111 iu
1272 2048 1370 2111 cuuia

1265 2158 1370 2243 pueri

477 2297 535 2341 aa.
559 2272 711 2341 Scilicet.
730 2294 785 2339 aa.
798 2273 950 2338 Etiamne
961 2271 1070 2336 facere
1082 2267 1202 2335 uolitat
1215 2267 1267 2334 eal
1280 2270 1370 2335 aciu’

1135 2379 1367 2469 quidloquari

481 2530 523 2584 7a.
541 2532 596 2582 olto
612 2532 698 2583 callam
713 2532 833 2581 meridie.

453 2713 503 2773 Va.
526 2713 572 2772 76.
594 2712 679 2772 Serv.
698 2711 735 2771 ad
754 2711 838 2789 virg.
857 2708 933 2769 Aen.
953 2709 978 2767 l.
1000 2709 1066 2769 1t0.
1085 2727 1124 2767 cx
1142 2706 1250 2769 Pseud.

454 2820 525 2880 Nisi
542 2821 627 2897 sorte
645 2837 796 2879 carcerem
812 2827 847 2876 ta
864 2815 1030 2895 aliquando
1046 2815 1208 2895 efformati,
1237 2824 1369 2874 ecetram

1241 2922 1368 2981 domam.

414 3031 469 3110 qui
493 3048 614 3102 versus,
655 3050 750 3109 quum
775 3030 869 3091 hodic
892 3050 1043 3109 nusquam
1061 3039 1232 3111 comparet,
1264 3027 1368 3088 direr-

414 3156 464 3197 our
489 3154 553 3197 esee
570 3136 621 3195 vix
639 3144 740 3215 potest
757 3154 775 3195 a
790 3155 834 3195 va.
856 3138 908 3208 76,
934 3137 1113 3198 memoriter
1129 3138 1208 3198 male
1224 3135 1349 3197 laudato
1358 3173 1369 3208 ‚·

413 3242 498 3320 quod
513 3241 612 3302 solent
628 3242 839 3317 Grammatioi,
869 3254 906 3303 ut
922 3264 1015 3325 supra
1030 3244 1092 3323 jam
1109 3244 1251 3303 uidimus.

453 3350 503 3411 Vs.
525 3348 573 3408 79.
593 3348 731 3429 quumvis
749 3369 806 3428 pro
823 3351 1036 3431 quartumvir,
1066 3352 1240 3423 admodum,
1263 3349 1369 3420 valde,

412 3459 536 3523 comicia
553 3457 798 3531 usitatissimum,
829 3468 862 3518 et
879 3457 961 3539 apud
980 3457 1042 3517 cic.
1062 3456 1196 3517 obvium.

452 3566 503 3626 Va.
523 3566 572 3626 80.
593 3566 687 3638 ocior,
709 3582 765 3643 pro
782 3564 902 3638 rideas,
924 3563 1048 3625 credas:
1069 3560 1152 3621 Acin.
1171 3562 1200 3621 3.
1210 3560 1240 3620 3.
1251 3557 1365 3617 120.-

408 3695 495 3757 pococ
522 3694 590 3734 eam
613 3691 717 3753 qcrere
743 3692 861 3732 croceae
885 3669 1053 3751 compedes,
1083 3684 1153 3726 cum
1170 3682 1292 3723 serrum
1308 3680 1364 3721 ua-

413 3793 479 3843 tum
495 3801 576 3856 aesc,
608 3801 670 3842 nou
687 3781 918 3860 imperatorem,
951 3775 1031 3835 sicut
1046 3769 1247 3853 gloriabatur.

451 3891 501 3950 Vs.
530 3892 577 3949 82.
607 3888 736 3961 acilium,
776 3895 822 3945 est
846 3881 959 3961 frigide
975 3878 1188 3961 respondentia
1204 3885 1238 3937 ct
1254 3894 1365 3936 conce-

411 3996 531 4070 dentis,
571 4005 607 4056 ut
635 3997 771 4076 saepius:
803 3990 919 4053 scilicet
944 3987 1003 4049 hoc
1027 4004 1134 4058 rereu,
1164 3992 1200 4044 ut
1217 3990 1250 4042 ct
1266 3981 1301 4041 iu
1317 4001 1363 4062 eq.

410 4103 527 4162 scilicet
554 4104 676 4164 solitum
700 4124 779 4177 eoae,
807 4098 906 4163 multo
924 4094 1104 4166 concinnius
1120 4091 1252 4172 llarpagi
1269 4089 1367 4151 tribui
