3275 5117
703 555 781 630 159

312 788 542 878 conscriptam
562 794 669 857 mittit
692 792 1121 880 Polymachaeroplaoides,

314 908 497 994 Imaginem
519 906 747 993 obsignatam,
773 931 858 995 quae
878 911 967 975 inter
988 931 1048 976 nos
1071 911 1136 978 duo

262 1062 268 1071 ·
315 1018 479 1087 Convenit
499 1019 592 1085 olim.
628 1042 679 1087 nn.
704 1019 897 1107 Symbolum
925 1036 978 1089 est
1000 1026 1037 1089 in
1057 1023 1217 1109 epistolem

247 1137 304 1201 45.
315 1156 370 1199 ns.
394 1134 529 1213 Video,
553 1148 587 1200 ct
598 1156 760 1225 cognosco
773 1139 928 1223 siguum:
953 1139 1014 1203 scd
1025 1137 1220 1224 inepistole

314 1246 448 1315 Nullam
471 1248 613 1315 salutem
636 1254 771 1317 mittere
795 1272 838 1318 ne
862 1253 1021 1338 scriptam
1045 1250 1157 1317 soleti

317 1382 367 1426 sn.
391 1363 443 1429 lte
464 1362 623 1429 militaris
647 1363 829 1451 discipline
851 1377 928 1441 est,
952 1364 1084 1431 Ballio:

327 1516 368 1569 ts.
386 1518 458 1569 abest
473 1536 516 1569 ae.

299 1641 349 1701 Vs.
370 1642 419 1702 ts.
440 1643 606 1721 imuqiccm
623 1643 836 1721 alticomum:
862 1644 907 1705 sic
927 1643 993 1703 lise.
1012 1662 1134 1718 omnes;
1157 1640 1222 1700 ier-

260 1750 289 1809 ri
316 1759 417 1811 tamen
440 1751 567 1827 nequit:
595 1760 776 1831 corruptum
795 1770 861 1810 esse
878 1760 911 1810 ct
928 1750 1126 1811 scribendum
1142 1751 1222 1810 imos

260 1859 349 1935 qtae,
390 1859 419 1917 1.
451 1860 479 1917 7.
508 1860 565 1919 105
589 1858 691 1937 palam
715 1857 808 1919 lacit:
840 1876 880 1917 ex
901 1875 965 1936 quo
984 1875 1091 1928 versu,
1126 1856 1223 1917 colla·

259 1972 292 2023 to
311 1980 382 2023 cum
406 1964 435 2025 l.
460 1965 489 2025 6.
515 1966 570 2037 30,
594 1964 757 2038 discimus,
787 1963 952 2042 imaginem
976 1982 1015 2023 ex
1035 1961 1151 2024 annulo
1168 1980 1223 2022 cx·

258 2088 408 2147 pressam,
428 2070 599 2149 symbolum
617 2080 804 2131 conventum
820 2070 932 2131 fuisse:
960 2078 1047 2131 recte
1061 2068 1161 2148 igitur
1176 2068 1224 2129 Si·

260 2176 323 2239 mia
351 2198 395 2239 vs.
419 2196 465 2257 sq.
492 2178 586 2239 dicit:
615 2178 780 2259 eysnbolum
805 2187 850 2237 est
867 2179 904 2237 ia
921 2176 1070 2258 epistola:
1097 2176 1119 2235 i.
1146 2196 1174 2235 e.
1195 2176 1225 2235 ei

261 2286 532 2367 superimpositum
549 2296 606 2347 est.
638 2285 681 2346 In
698 2286 797 2365 igitur
812 2285 897 2345 valet
913 2305 1015 2366 cuper.
1046 2284 1085 2344 In
1100 2284 1221 2361 steph„

261 2411 368 2453 versus
383 2394 476 2454 aliter
493 2392 673 2470 dispertita,
703 2392 861 2473 epistolam
878 2412 922 2452 vs.
941 2393 991 2453 tl.
1009 2391 1107 2454 abest.

300 2500 351 2559 Vs.
380 2502 430 2562 tu.
458 2503 578 2559 mittere
606 2520 645 2557 ne
671 2500 816 2580 scriptum
843 2499 936 2557 solet:
965 2498 1225 2577 interrogativum

262 2628 299 2665 ae
327 2607 370 2667 sic
396 2608 566 2667 insolenter
593 2605 665 2666 sede
692 2624 746 2665 sua
768 2612 936 2675 remotum,
967 2604 1077 2677 habet,
1107 2604 1228 2681 inquo
1318 2671 1320 2680 ‚

259 2714 463 2789 offendamus3
498 2714 558 2772 nisi
583 2733 657 2773 vcro
675 2712 707 2771 h.
727 2714 750 2772 l.
769 2712 853 2771 idem
870 2720 1009 2773 statuere
1026 2712 1117 2785 licet,
1142 2712 1228 2789 qnod

258 2820 325 2897 huj.
344 2820 407 2881 lab.
427 2822 454 2881 1.
476 2822 503 2879 1.
525 2821 593 2892 121,
616 2822 735 2880 mittere
753 2820 895 2882 ultimam
911 2821 1084 2901 producere
1100 2828 1229 2901 propter

260 2927 373 3000 trinas,
403 2948 421 2988 a
446 2928 560 3004 quibus
578 2948 638 2988 vox
654 2946 699 3005 sq.
724 2928 853 3008 incipit,
884 2948 1048 3002 consumas,
1080 2928 1175 2989 inviti
1190 2937 1227 2989 ut

206 3064 209 3069 ·
262 3047 404 3095 tuceinur
429 3055 468 3094 oe
491 3036 623 3097 metrica
641 3037 726 3117 cogit
742 3038 839 3111 ratio,
869 3038 1070 3099 suadentibus
1087 3038 1228 3115 quamvis

264 3142 317 3201 Cd.
345 3140 438 3202 Acad.
464 3152 497 3202 ct
521 3144 569 3206 cd.
597 3145 721 3225 Steph.,
761 3155 798 3206 ut
817 3147 993 3226 ejiciamus:
1018 3164 1127 3206 verum
1152 3144 1229 3206 hacc

264 3268 359 3329 pravo
375 3257 574 3311 tetrametro:
601 3249 774 3334 (incipiunt
791 3255 906 3319 senesii
922 3254 997 3315 inde
1015 3274 1033 3316 a
1049 3272 1095 3331 sq.
1114 3252 1175 3329 vs.)

201 3398 204 3404 ,
308 3359 370 3421 Sed
384 3360 564 3443 inepistola
581 3362 700 3422 atellam
716 3364 845 3423 salutem
859 3366 980 3425 mittere
994 3361 1233 3444 scriptomoolet.

265 3466 318 3527 cui
339 3476 443 3529 tannen
459 3489 498 3528 ae
515 3469 635 3529 mcdcri
652 3490 715 3532 non
732 3481 852 3551 potest,
882 3473 944 3534 nisi
960 3480 1030 3552 post
1047 3470 1165 3531 nullom
1182 3469 1232 3528 in-

262 3584 389 3637 scrtum.
437 3575 583 3651 Accedit,
619 3579 703 3657 quod
730 3579 814 3641 haud
839 3581 934 3640 semel
960 3580 1087 3642 Plautus
1103 3598 1144 3637 oo
1161 3598 1234 3659 pro·

264 3682 334 3763 prio
355 3683 425 3745 loco
445 3684 580 3765 pellens,
602 3686 636 3745 in
657 3686 810 3760 alienum,
833 3687 909 3747 licet
926 3705 990 3748 non
1006 3686 1099 3765 longe
1115 3684 1235 3746 distan-

265 3804 344 3868 tem,
375 3790 537 3869 Kintrudit:
576 3795 624 3855 clf.
652 3794 739 3856 Most.
767 3796 796 3858 2.
824 3797 853 3855 2.
883 3795 939 3869 89,
969 3796 1023 3854 ced
1049 3804 1084 3853 tu
1100 3794 1235 3854 etiosam

262 3914 365 3979 ostuo,·
398 3906 487 3965 Gurc.
511 3903 537 3965 l.
563 3882 589 3964 l.
614 3903 651 3964 la
671 3914 702 3963 et
717 3904 786 3965 lteri
804 3904 1037 3978 coeacoistiao,·
1066 3903 1130 3963 Cas.
1152 3902 1180 3963 2.
1203 3903 1232 3962 5.

267 4012 303 4071 tu
323 4032 391 4072 cum
409 4032 544 4073 auersae
562 4032 649 4087 mec,·
681 4012 744 4075 llil.
765 4014 793 4075 3.
818 4014 845 4073 l.
867 4012 925 4073 92:

304 4118 354 4178 Vs.
385 4121 433 4179 t7.
464 4118 614 4179 militarie
633 4120 802 4201 disciplima
822 4129 888 4179 est-s
917 4138 975 4199 pro
993 4116 1235 4189 cousuetudine,
