3275 5117
868 554 924 630 dl

471 820 521 867 rs.
545 797 637 876 Quid
656 792 839 885 properssl
862 792 1008 882 placido.
1040 815 1096 862 cr.
1118 796 1373 891 Aspriusqnsm

471 1047 527 1095 11.
552 1023 648 1102 Quod
659 1024 721 1092 hoc
732 1012 854 1089 melum
865 1020 881 1087 1
894 1035 961 1089 tem
971 1021 1105 1110 placide
1114 1026 1170 1106 is,
1193 913 1374 1113 pueddnt·

406 1142 460 1207 15.
470 1138 582 1207 Hodie
594 1151 670 1205 nate
681 1137 765 1204 heus
779 1182 789 1217 ,
802 1136 904 1203 hodie
914 1148 1011 1217 note,
1026 1137 1091 1204 tibi
1104 1161 1165 1228 ego
1177 1140 1251 1207 dico
1266 1140 1374 1222 ,loeus

1029 1251 1130 1320 lrodie
1141 1268 1218 1321 note
1230 1300 1241 1335 ,
1253 1257 1327 1322 redi
1339 1270 1375 1325 et

472 1367 617 1455 Respice
638 1364 680 1433 od
702 1384 785 1445 nos,
810 1366 1161 1454 tametsioocupotns,
1184 1391 1371 1453 moramur,

1003 1503 1120 1551 mone:
1135 1496 1214 1549 sont
1227 1483 1376 1575 colloqui

473 1593 540 1672 Qui
554 1592 671 1661 volunt
681 1606 727 1661 te.
740 1612 796 1659 11.
810 1590 901 1669 Quid
911 1592 974 1660 hoo
984 1592 1053 1661 esti
1065 1597 1143 1684 quis
1152 1610 1217 1679 est,
1232 1600 1291 1687 qui
1301 1620 1371 1665 mo·

783 1707 1370 1797 rnmoccnpotomolestemobtnlitt

477 1887 518 1959 rs'.
553 1906 657 1985 sanas.
693 1904 734 1957 14.
757 1904 900 1972 possum,
920 1870 953 1971 ρ’.
996 1906 1039 1961 rs.
1063 1905 1156 1960 nsunt
1179 1910 1289 1977 spect·
1310 1910 1376 1962 ssu

578 2001 656 2051 lodis
671 2005 744 2051 sote.
780 2000 822 2051 16.
839 2004 880 2049 ost
895 1998 956 2052 oon.

408 2202 497 2243 cocos
534 2178 685 2242 Pseudolo
711 2176 895 2239 tribuendo:
931 2177 1008 2257 quid
1025 2178 1200 2260 properos?
1233 2178 1373 2262 placide.-

407 2287 548 2352 Calidorc
581 2286 660 2348 dicit
691 2304 818 2358 servus,
856 2303 917 2345 nec
950 2283 1074 2358 lenoni,
1121 2294 1209 2346 recte
1243 2304 1371 2345 mouen-

409 2404 441 2455 te
466 2392 624 2456 Lambino.
665 2390 759 2472 llcgis
783 2391 915 2453 arduum
936 2390 1066 2452 fortusse
1091 2390 1154 2451 erit
1169 2389 1372 2471 persuadere,

407 2502 488 2583 quod
521 2500 576 2562 loo
605 2499 719 2561 molum
744 2498 846 2561 dando
864 2517 931 2559 esse
957 2497 1121 2573 Pseudolo,
1152 2497 1263 2559 herum
1286 2497 1375 2559 iesti-

405 2618 533 2671 nuntem
558 2607 750 2688 increpanti,
786 2606 872 2688 quod
895 2626 961 2667 non
984 2615 1081 2679 esset,
1112 2624 1171 2667 our
1185 2604 1244 2667 hoc
1259 2605 1375 2667 molmn

408 2714 532 2787 credat,
570 2714 715 2774 lenonem
739 2713 837 2775 obire.
882 2713 971 2792 Quod
995 2732 1053 2794 pro
1074 2723 1201 2795 propter
1224 2712 1304 2793 qood
1323 2712 1376 2772 vel

406 2840 464 2881 cor
483 2818 716 2880 usitatissimum
739 2820 773 2879 in
796 2820 846 2880 his
869 2820 1002 2881 sabulis:
1033 2820 1060 2881 si
1083 2829 1192 2883 contra
1205 2820 1312 2883 eodem
1325 2819 1373 2879 le·

410 2945 452 2988 no
469 2925 562 2997 dicit,
593 2924 672 2984 milri
689 2924 815 3005 quidem
833 2926 955 2986 nullum
971 2945 1094 2986 sensnm
1112 2926 1274 3007 praebent.
1314 2927 1375 2987 lle·

407 3034 505 3111 niqno
528 3047 733 3109 quaecunque
762 3030 895 3092 15-17
920 3031 1089 3093 Pseudolus
1113 3033 1292 3114 usurpavit,
1318 3034 1374 3094 (lo-

407 3139 508 3201 lidoro
531 3135 690 3199 reddenda
713 3154 841 3197 censeo:
871 3136 989 3219 quippe
1012 3156 1093 3215 quae
1117 3157 1182 3200 non
1203 3148 1278 3200 sunt
1293 3139 1376 3200 servi

408 3240 535 3328 superbi
558 3252 655 3321 utque
675 3242 849 3323 magnifici,
879 3244 934 3306 sed
960 3244 1165 3333 adolescentis
1182 3264 1285 3306 umore
1301 3264 1373 3325 per-

408 3353 466 3416 citi
485 3362 581 3430 11111
605 3350 751 3429 inquieti.
1335 3359 1339 3365 '

447 3460 498 3522 Vs.
521 3461 568 3520 16.
591 3469 768 3543 occupatos,
803 3460 975 3523 rectissime
998 3464 1107 3518 contro
1123 3453 1303 3515 Lambinum
1317 3452 1374 3513 de·

407 3568 564 3641 ienditur,
593 3568 720 3649 egregie
743 3568 923 3631 Plautinum
948 3563 1031 3625 illud
1053 3569 1242 3634 mutantem,
1271 3568 1305 3620 et
1326 3560 1372 3619 le·

407 3686 532 3757 gentem
555 3686 741 3758 occupatum.
1295 3676 1300 3683 '

448 3778 499 3844 Vs.
531 3783 578 3843 17.
609 3802 724 3842 morsm
751 3780 880 3854 obtulit,-
906 3776 1011 3861 offerri
1039 3775 1189 3838 dicuntur
1205 3781 1239 3835 tn
1254 3782 1373 3835 utram·

407 3905 470 3966 que
502 3896 623 3968 portem
661 3897 725 3949 tom
759 3886 853 3959 bono,
895 3902 990 3963 quum
1022 3881 1120 3956 malo,
1160 3897 1374 3958 quoecumque

408 3996 669 4075 exspectationem
685 3993 911 4077 praeveniunt:
938 3990 987 4053 off.
1014 3990 1124 4052 llonot.
1147 3989 1187 4049 od
1213 3990 1282 4050 Ter.
1300 3988 1372 4049 llco.

409 4101 446 4176 3,
476 4100 507 4173 3,
545 4101 599 4175 10,
631 4112 665 4163 et
690 4100 849 4163 Wcsterh.
877 4099 917 4164 sd
942 4100 1016 4163 llcc.
1044 4100 1080 4173 5,
1106 4098 1141 4172 l,
1170 4096 1216 4159 13.
