3275 5117
833 536 888 612 91

442 781 518 847 Huc
532 778 666 867 quidem
677 774 790 843 hercle
801 776 890 843 haud
903 777 973 843 ibis
984 779 1073 844 intro
1086 822 1098 858 ‚
1129 801 1172 847 ne
1182 781 1264 869 qaid
1274 782 1350 851 har·

1130 896 1348 981 paxieceris.

379 1016 434 1079 60.
445 1030 503 1077 ua.
516 1008 642 1078 Hostes
655 1009 752 1073 rivos
762 1027 879 1093 rapere
889 1006 982 1073 selec
995 1029 1041 1073 ex
1052 1009 1126 1074 acie
1137 1030 1147 1075 ε
1157 1029 1205 1075 ex
1216 1009 1278 1078 hoe
1289 1034 1347 1077 ne-

1101 1124 1349 1191 menmihiest.

444 1260 494 1303 rs.
517 1234 579 1301 Pol
592 1231 741 1300 temnite
758 1235 892 1321 magia,
919 1237 1055 1321 opinor,
1079 1202 1350 1305 misnensem

444 1483 502 1530 ut.
525 1460 602 1529 Neu
625 1464 673 1527 ita
691 1474 756 1527 est.
781 1351 1350 1551 80118011·ᾳηίἀῐοοιοωῒθὲΐιῗθ.

955 1598 1006 1643 rs.
1031 1577 1349 1647 Sciamsidixeris.

441 1713 499 1760 ut.
522 1691 759 1779 Egcdevortor
782 1704 881 1757 extra
890 1705 1019 1778 portam
1041 1694 1106 1760 huc
1128 1696 1165 1761 in
1179 1694 1349 1761 tabernam

1188 1810 1345 1887 tertiam,

463 1921 506 1972 61.
521 1920 570 1987 pei
586 1926 612 1969 te
629 1920 720 1970 eiecti
736 1922 832 1986 macie.

379 2059 530 2121 tuendum
557 2061 648 2120 Truc.
678 2058 714 2132 2,
748 2060 781 2132 7,
805 2058 860 2130 35,
885 2058 970 2138 qaod
988 2060 1085 2138 magis
1103 2060 1205 2140 palam
1224 2062 1297 2136 flet,
1325 2064 1352 2123 si

380 2168 521 2229 conferas
540 2166 619 2229 nud.
641 2166 677 2240 1,
702 2166 735 2241 6,
759 2166 788 2225 8.

424 2279 473 2339 Vs.
503 2274 553 2339 59.
583 2296 623 2335 ne
651 2274 727 2355 quid
754 2274 882 2355 Harpen
891 2274 1029 2353 seceris:
1062 2272 1144 2333 nihil
1162 2274 1346 2335 mutandam

380 2406 499 2451 censeo.
549 2384 587 2445 Et
614 2382 668 2443 hic
688 2380 782 2442 unice
801 2398 912 2439 verum
930 2379 1060 2440 sensisse
1078 2376 1205 2440 videtur
1224 2378 1347 2441 lambi·
1445 2387 1447 2392 ’

379 2518 454 2569 nus,
489 2494 534 2555 sic
561 2500 704 2552 vertens:
735 2507 776 2549 ne
801 2486 880 2566 quid
899 2486 1017 2548 nomini
1038 2476 1279 2548 consentaneum
1298 2488 1346 2548 ic·

381 2605 476 2679 ceris,
516 2601 537 2661 i.
568 2619 596 2661 e.
627 2597 778 2678 rapueris.
829 2596 957 2656 Frustra
984 2594 1083 2668 Scal.‚
1113 2594 1199 2657 Lect.
1228 2594 1301 2657 Ans.
1323 2596 1349 2655 1.

382 2712 436 2785 19,
469 2710 587 2790 harpen
605 2704 786 2766 adverbium
806 2703 903 2777 dicit,
935 2702 1069 2765 averbc
1088 2702 1236 2786 Ιιαφαςο,
1266 2704 1348 2765 sicut

376 2836 440 2899 pes
459 2814 638 2892 interjectio
657 2829 788 2893 apcqo,
819 2819 873 2871 tax
893 2830 912 2870 a
931 2820 1017 2891 tayo,
1050 2820 1151 2891 tanqu.

421 2920 471 2982 Vs.
501 2922 550 2981 60.
580 2918 680 2977 hostes
709 2920 795 2977 vivos
825 2937 933 3000 rapere
962 2918 1061 2978 soleo:
1096 2938 1162 2980 mos
1191 2919 1259 2981 scil.
1283 2929 1351 2981 erat

381 3028 463 3109 apud
485 3024 612 3107 pristini
634 3024 702 3085 aevi
728 3024 885 3099 homines,
917 3026 1023 3087 hostes
1050 3030 1138 3087 vivos
1155 3046 1282 3107 rapere,
1314 3037 1373 3087 ut'

358 3144 360 3149 ’
381 3154 485 3198 servos
504 3133 658 3205 iacerent,
687 3130 858 3211 amicisque
874 3132 1006 3194 mortuis
1022 3144 1241 3213 parentarcnt,
1261 3133 1354 3195 sicuti

382 3241 520 3305 Achilles
527 3238 687 3313 Patroclo,
710 3220 846 3299 Aetnaeas
856 3238 1006 3311 Pallanti,
1026 3222 1119 3318 virg(
1133 3238 1263 3312 rieux,
1275 3240 1351 3301 519:

423 3349 567 3410 Viventis
588 3347 687 3429 rapit,
720 3347 856 3425 inferias
875 3368 949 3428 ques
967 3344 1102 3406 immolet
1121 3346 1260 3405 esnisia:

383 3459 428 3522 Gi.
446 3457 533 3539 Epid.
553 3456 582 3515 2.
602 3455 631 3515 2.
653 3454 720 3516 115.
747 3464 854 3537 raptor
870 3456 1013 3516 hostium.

423 3568 473 3627 Vs.
499 3566 548 3627 61.
569 3564 624 3648 pol
638 3574 667 3623 te
685 3550 779 3623 multo
796 3564 911 3643 maqis,
942 3571 1003 3622 etc.
1042 3560 1241 3621 Verissimum
1256 3568 1351 3639 puto,

383 3676 467 3757 quod
494 3674 613 3755 Lipsius
640 3691 678 3732 ex
704 3667 771 3733 idss.
799 3669 955 3731 Vaticanis
981 3668 1085 3729 dedit:
1112 3668 1167 3750 poi
1190 3677 1225 3727 tc
1242 3666 1355 3728 eicos?

383 3785 481 3864 Μαρία
498 3783 623 3863 opinor,
647 3790 727 3852 etc,
749 3798 766 3838 a
785 3776 900 3856 quibus
915 3796 1026 3856 parum
1045 3776 1166 3837 recedit
1186 3774 1240 3837 ed.
1257 3773 1352 3835 dead.

424 3892 473 3951 Vs.
504 3890 552 3951 63.
583 3890 736 3960 devortor,
775 3882 853 3963 quid
879 3881 936 3958 sit,
964 3883 1105 3963 quidque
1131 3882 1255 3943 differat
1271 3880 1355 3941 inter

383 4001 524 4059 desertor
556 4006 589 4057 ct
621 3997 780 4071 dicenter,
829 3989 902 4051 vide
928 3991 1010 4072 apud
1036 3991 1193 4053 Drakenb.
1222 3991 1272 4052 ad·
1288 3990 1352 4051 Lir.

384 4104 485 4165 XLIV.
508 4105 557 4165 13.
