3275 5117
863 512 918 589 54

483 775 540 821 ιιι.
563 751 732 839 Propera,
758 750 947 839 quidstasl
970 739 1363 843 msaeeguosraudin’

1039 870 1367 973 quidaitluppitsrl

486 988 538 1047 rs.
561 980 636 1045 Jam
656 979 712 1046 hic
736 1002 814 1048 ero:
838 1000 954 1047 rerum
977 993 1073 1048 extra
1088 995 1216 1070 portem
1226 984 1367 1054 Metinru

979 1096 1179 1163 currendum
1193 1112 1247 1164 est
1258 1104 1367 1188 prius.

488 1231 542 1277 cs.
567 1210 658 1289 Quid
680 1210 747 1279 eoi
777 1231 829 1277 rs.
850 1210 976 1277 Lauioa
999 1210 1080 1277 inde
1102 1232 1267 1279 arcessam
1288 1214 1382 1281 duos

1035 1345 1110 1391 eum
1120 1326 1371 1395 tintinnabulis

491 1438 617 1505 Eadem
631 1366 695 1519 duo
707 1460 827 1527 greges
837 1440 1007 1527 rugarum
1028 1442 1108 1508 inde
1120 1440 1302 1509 uinearum
1312 1444 1371 1509 ad·

1245 1578 1369 1644 egero,

488 1702 533 1758 97.
553 1721 586 1771 p.
603 1707 643 1755 ιιιι·
659 1708 751 1758 etiosa.
784 1706 830 1758 99.
847 1706 938 1756 codsa·
952 1707 1028 1757 doaso
1043 1732 1075 1747 -
1092 1722 1119 1760 ι.
1136 1709 1210 1759 aa&
1226 1724 1257 1761 ιι.
1274 1725 1302 1761 ιι.

406 1846 492 1889 suam
523 1826 711 1902 emiserunt,
749 1828 856 1907 paucis
879 1828 1012 1889 referam
1036 1848 1130 1890 unam
1156 1831 1307 1911 scaligeri
1323 1832 1373 1892 iu-

406 1933 680 2015 terprctntionesn,
721 1935 866 2015 plurimis
897 1944 1063 2014 acceptam.
1113 1936 1165 1998 Sic
1190 1938 1376 2016 jubentibus

409 2042 494 2116 llas,
532 2040 611 2119 legit
637 2040 775 2101 minimis
801 2048 897 2117 atque
924 2042 1071 2121 exponit:
1108 2042 1267 2116 victimas,
1301 2044 1324 2103 i.
1349 2062 1378 2103 e.

410 2153 543 2232 majores
564 2149 681 2210 hostias
705 2168 768 2209 non
792 2147 863 2207 vult
886 2142 974 2219 leno,
1002 2147 1057 2208 sed
1072 2148 1214 2207 minimis
1228 2149 1298 2209 vult
1311 2149 1379 2229 pla·

408 2257 490 2331 cari,
525 2256 693 2335 respiciens
726 2255 766 2316 ad
796 2255 899 2315 minos
930 2252 1059 2333 viginti,
1104 2272 1181 2331 quas
1206 2255 1266 2317 sibi
1292 2256 1379 2319 litari

411 2363 557 2425 molebat.
606 2361 791 2425 Adolescens
810 2380 887 2423 raro
901 2361 1010 2440 jocum
1028 2380 1092 2423 non
1111 2361 1303 2443 percipiens,
1326 2381 1376 2423 ar·

411 2471 504 2533 cessit
521 2490 632 2551 opnor,
655 2478 765 2551 utpote
784 2470 915 2529 minimo
933 2479 1015 2529 ento.
1055 2468 1187 2530 Parvula
1202 2470 1375 2531 mutatione

412 2580 518 2642 malim
544 2597 617 2659 ego,
649 2577 735 2655 quod
760 2586 793 2640 ct
812 2578 846 2637 in
865 2576 1052 2639 membranis
1069 2577 1204 2657 legitur,
1226 2579 1378 2651 asininis,

412 2685 602 2765 adjectivum
620 2686 787 2747 formatum
806 2706 825 2747 n
844 2687 948 2760 mino,
980 2694 1016 2745 ut
1035 2705 1054 2748 e
1073 2706 1182 2768 capro,
1211 2688 1376 2769 caprinus,

413 2799 492 2852 etc:
531 2791 616 2872 quod
642 2791 723 2851 male
752 2791 877 2853 elocuto
904 2793 1034 2868 lenone,
1063 2794 1115 2854 rel
1134 2794 1215 2857 male
1234 2794 1381 2857 audiente

415 2895 571 2970 Calidoro,
593 2906 791 2961 arcessuntur
807 2900 938 2960 minimo
956 2908 1046 2975 exta,
1067 2902 1090 2961 i.
1108 2920 1135 2962 c.
1154 2903 1283 2983 apstine.
1323 2900 1380 2962 ldi-

415 3021 474 3062 nus
503 3002 645 3082 ineptum
678 3002 760 3061 eninr
792 3013 886 3083 puto,
924 3007 968 3068 sic
993 3027 1067 3070 casu
1085 3008 1279 3089 distinguere
1298 3008 1380 3072 Culi-

416 3108 527 3170 dorum
549 3107 682 3187 majores
709 3108 793 3169 inter
823 3119 856 3177 ct
882 3112 1018 3174 minores
1045 3114 1178 3189 hostias,
1218 3134 1311 3196 qnam
1337 3113 1378 3173 de
1453 3176 1462 3185 ,

416 3215 571 3278 industria
588 3216 741 3277 lenonem.
783 3218 872 3294 Quod
891 3219 947 3281 alii
965 3220 1097 3293 habent,
1127 3230 1161 3279 ot
1178 3221 1289 3294 minis,
1312 3219 1380 3279 scil.

415 3324 537 3399 oribus,
576 3322 696 3405 duplici
723 3344 832 3401 sensu,
864 3328 965 3390 Latini
994 3327 1142 3388 sermonis
1161 3325 1280 3385 indoles
1299 3322 1383 3383 ferre

416 3450 480 3492 non
499 3431 634 3493 ridetur.
654 3465 695 3483 .-

457 3537 507 3600 Vs.
527 3540 576 3599 98.
596 3559 665 3599 cnm
684 3541 910 3602 tintinnabulis
930 3540 1042 3601 eximie
1061 3535 1213 3618 explicuit
1233 3536 1326 3597 Gren.
1342 3533 1382 3594 de

416 3632 646 3722 instrumentis,
679 3650 793 3730 quibus
813 3648 974 3710 carnifices
993 3645 1146 3707 ornabant
1164 3643 1282 3704 noxios.
1323 3642 1382 3703 Pro

417 3755 615 3831 carnificibus
634 3756 714 3815 dixit
734 3756 835 3816 lanios
853 3759 962 3834 poeta,
986 3753 1075 3832 quasi
1094 3749 1300 3823 uictimarios,
1322 3768 1381 3809 nec

417 3872 536 3937 tumen,
569 3872 605 3923 ut
632 3863 741 3942 adjicit
768 3862 817 3921 vir
845 3860 937 3933 clar,
969 3880 1027 3941 pro
1055 3858 1165 3921 hostiis
1192 3867 1294 3918 essent
1312 3874 1385 3937 gre·

416 3987 470 4047 ges
496 3969 654 4050 virgarum
683 3969 870 4040 ulmearmn,
912 3967 963 4028 rel
983 3967 1091 4047 virgae
1109 3966 1143 4025 in
1162 3964 1276 4027 fascem
1294 3963 1385 4025 colli-

404 4085 521 4153 gatae,
562 4077 708 4157 qnoniam
736 4076 800 4157 ipse
830 4076 901 4137 leno
931 4075 1032 4138 hostia
1061 4084 1129 4137 erat
1154 4075 1295 4135 suturas:
1333 4070 1386 4133 sed
