3275 5117
713 500 787 575 157
917 514 919 519 ’

341 764 395 810 rm.
408 743 519 810 Herus
532 738 632 807 tunsi
656 759 714 805 ns.
728 738 781 803 Ite
793 736 881 801 dico.
895 755 950 801 ns.
964 732 1092 801 Milesi
1100 781 1102 787 -
1114 754 1173 801 ns.
1186 735 1238 801 lto

771 850 902 939 loquor.
925 870 981 915 ΒΔ.
994 849 1211 915 Macedoniae
1224 848 1239 912 A

323 996 381 1040 ns.
405 970 769 1055 Admodum‚inquam.
792 964 910 1031 nm'I'e
921 964 962 1029 cd
973 965 1130 1030 meminit
1141 963 1242 1053 Poly·

896 1075 1240 1163 machaeroplscidose

278 1208 331 1271 55.
345 1223 403 1269 nc.
427 1202 519 1267 Vere
543 1218 717 1265 memoras.
742 1214 798 1258 nr.
819 1192 896 1261 Hoc
912 1204 1085 1277 argentum
1105 1189 1239 1255 utmihi

745 1305 862 1373 deresi
885 1325 943 1369 uA.
957 1304 997 1369 si
1010 1316 1045 1368 tu
1058 1303 1190 1391 quidem
1203 1325 1239 1368 es

338 1430 431 1494 Leno
444 1425 566 1492 Ballio.
601 1446 657 1490 ΒΑ.
681 1422 794 1508 Atque
811 1432 942 1483 ntome
953 1415 1126 1481 mulierem
1137 1415 1240 1481 obdu-

659 1514 663 1545 ⁷
952 1530 1071 1597 cerosi
1093 1552 1151 1595 ns.
1174 1529 1239 1595 Ito.

343 1674 398 1718 ns.
423 1645 904 1717 Phoeniciumneessedixiti
927 1666 986 1711 ns.
1012 1643 1242 1709 Rectememi·

935 1760 1030 1825 nisti.
1054 1778 1110 1824 ni.
1123 1756 1240 1825 Mene:

344 1882 419 1947 Jnm
441 1881 538 1947 redeo
562 1879 603 1945 ed
616 1892 661 1945 tc.
691 1898 749 1944 ns.
761 1874 808 1942 At
818 1887 979 1940 maturate
988 1895 1147 1960 propero:
1170 1894 1246 1937 nom

940 2010 1098 2075 propero:
1123 1986 1242 2065 vider,

345 2108 419 2174 Janr
432 2110 487 2175 die
498 2108 638 2175 multum
649 2130 737 2173 csse.
761 2126 816 2170 ns.
828 2103 952 2170 Video.
975 2100 1074 2166 Hunc
1085 2100 1245 2165 advocare

1045 2216 1145 2280 etiarn
1155 2213 1243 2279 volo.
1339 2242 1341 2246 ¹

349 2393 390 2445 57.
410 2394 597 2444 Phoenicium.
633 2392 674 2441 59.
687 2393 747 2454 jom
763 2390 827 2438 diei.

321 2564 370 2622 Vs.
400 2564 447 2623 [ri.
479 2563 660 2633 admodum,
702 2558 906 2620 adsentientis
927 2558 1066 2617 verbum.
1117 2558 1179 2617 Cic.
1207 2554 1246 2617 dc

285 2668 356 2746 Leg.
383 2667 442 2727 III.
472 2668 504 2726 11
535 2668 629 2727 ‚sris
646 2668 761 2739 solere,
792 2665 907 2739 frater,
938 2666 971 2724 in
988 2664 1165 2751 hujusmodi
1181 2684 1246 2725 ser·

282 2790 414 2843 senone,
456 2782 493 2831 ut
523 2773 649 2833 transiri
677 2772 741 2833 alio
766 2772 877 2853 possit,
907 2773 971 2834 dici
990 2773 1163 2846 admodum,
1193 2782 1248 2835 aut

282 2909 293 2934 2
306 2898 435 2961 prorsus
452 2882 498 2937 ito
515 2880 607 2938 Μ’
631 2878 672 2941 ef.
695 2881 803 2942 Donat.
814 2880 852 2942 od
862 2865 986 2942 Terent.
997 2881 1118 2943 Phorm.
1134 2882 1164 2940 2.
1174 2880 1203 2940 2.
1217 2881 1244 2940 l.

323 2985 373 3045 Vs.
403 2987 451 3046 58.
481 2996 634 3045 maturate
655 3007 808 3068 propero:
838 2988 915 3065 quid
936 2977 1060 3049 differat
1082 2987 1166 3047 inter
1181 3007 1247 3045 mo-

286 3100 391 3149 turore
409 3101 441 3151 ct
454 3112 638 3174 properare,
657 3093 729 3153 vide
746 3095 829 3175 apud
847 3096 924 3157 Gell.
944 3097 980 3157 N.
999 3096 1034 3156 A.
1052 3096 1088 3156 X.
1107 3094 1164 3171 113
1186 3094 1248 3155 na-

178 3209 182 3215 “
283 3198 369 3258 orob.
390 3199 451 3259 Sat.
471 3200 523 3259 vl.
542 3200 577 3275 83
609 3202 685 3261 Serv
704 3201 741 3263 ad
760 3204 845 3282 Virg.
864 3205 975 3282 Georg.
996 3204 1020 3264 1.
1040 3204 1109 3263 260.

324 3307 375 3365 Vs.
397 3306 446 3367 59.
462 3310 533 3388 jam
551 3307 601 3365 die
619 3290 755 3368 moltum-
766 3331 850 3369 esre:
880 3312 930 3370 dic
947 3318 1075 3386 antique
1091 3328 1149 3389 pro
1166 3309 1244 3381 dici,

284 3414 378 3474 etiem
401 3414 483 3493 opud
498 3414 622 3475 serioris
640 3416 750 3476 aetatis
767 3417 934 3496 scriptores
949 3415 1033 3476 haud
1050 3414 1246 3489 infrequens:

284 3520 424 3601 exempla
446 3521 518 3581 vide
535 3506 627 3602 ¹opud
653 3522 731 3584 Gell.
760 3524 796 3583 N.
823 3522 858 3582 A.
884 3522 935 3582 IX.
966 3522 1019 3593 le,
1059 3529 1091 3579 et
1116 3520 1188 3579 intt.
1208 3520 1247 3579 ad

283 3626 393 3708 Amph.
423 3629 449 3688 l.
483 3630 509 3689 l.
543 3629 610 3689 119.
660 3630 789 3690 Multum
814 3630 903 3688 die:-
920 3627 1063 3688 usitatius
1089 3636 1137 3686 est
1154 3626 1248 3685 multo

284 3734 351 3806 dic,
384 3736 465 3795 sicut
484 3736 579 3796 nmlra
598 3748 699 3811 nocte,
732 3737 804 3798 cist.
826 3738 852 3797 l.
874 3736 903 3796 3.
927 3736 973 3794 11.
995 3743 1027 3793 et
1050 3734 1147 3793 multo
1163 3733 1243 3807 luce,

286 3842 379 3902 multo
407 3864 506 3904 mooe.
533 3878 574 3889 -
603 3846 694 3906 Hunc
715 3846 861 3906 advocare
881 3842 1078 3910 etiomcolo:
1104 3842 1181 3902 haee
1198 3862 1246 3901 se·

286 3968 357 4008 cum
381 3950 453 4011 leno
478 3954 653 4015 mussitate
679 3954 832 4015 Simonem
860 3952 938 4012 mihi
966 3950 1136 4013 adsciscere
1158 3950 1243 4025 volo,

283 4063 319 4113 ut
338 4058 435 4134 probe
453 4060 543 4120 illum
564 4061 761 4140 excipiamus.
