3275 5117
855 558 939 636 tio

475 812 681 879 Exornoturn
703 804 860 870 adducite
881 800 924 866 nd
944 820 997 866 roc
1013 804 1108 887 jam,
1127 796 1170 862 nd
1183 796 1378 883 trapezitam

1156 909 1380 979 Aeschinum.

479 1038 545 1104 Sed
555 1046 740 1123 properate.
762 1050 822 1097 ou.
846 1031 947 1096 Prius
959 1028 1034 1095 illic
1047 1030 1195 1108 erimus,
1218 1038 1376 1114 quamtu.

982 1164 1033 1207 rs.
1058 1140 1162 1208 Abite
1175 1162 1255 1229 ergo
1268 1142 1377 1206 ocius.

476 1262 648 1351 Quicquid
669 1261 791 1326 incerti
812 1255 898 1322 mihi
918 1258 956 1321 in
977 1258 1218 1343 animoprius,
1240 1266 1378 1319 nutam·

1135 1367 1275 1455 biguunr
1286 1366 1354 1431 fuit
1367 1410 1378 1441 ‚

412 1503 466 1563 70.
480 1492 576 1563 Nunc
587 1491 708 1579 liquet,
722 1506 809 1552 nunc
821 1485 1029 1551 defaecatum
1040 1495 1092 1550 est
1105 1504 1114 1550 ι
1126 1504 1183 1547 cor
1193 1480 1280 1545 mihi
1291 1501 1377 1545 nunc

1164 1596 1376 1683 pervium’st.

480 1722 606 1789 Omnes
628 1717 762 1784 ordines
775 1712 838 1780 sub
849 1712 959 1798 signis
973 1711 1090 1775 ducam
1099 1708 1251 1797 legiones
1262 1730 1352 1774 meas
1366 1754 1377 1788 ,

478 1840 548 1905 Avi
558 1836 711 1911 sinistra,
724 1829 875 1915 auspicio
885 1824 1133 1913 liquido‚ntquc
1144 1846 1186 1889 cx
1200 1824 1378 1888 sententis:

497 2030 538 2083 70.
556 2041 629 2078 nnnc
641 2023 760 2090 pervios.

411 2194 583 2277 sorvorum)
599 2210 693 2271 quarn
710 2188 750 2249 de
763 2172 898 2249 iallaciis
915 2182 1032 2243 dicitur
1049 2180 1132 2259 apud
1148 2176 1309 2237 Plautum:
1335 2172 1376 2233 ci.

412 2312 504 2373 Poon.
526 2307 556 2379 l,
584 2304 620 2375 3,
649 2300 704 2360 16:

548 2410 619 2473 Iam
636 2418 666 2467 et
682 2402 872 2465 ornamentis
889 2399 964 2457 mois
983 2405 1013 2455 ct
1030 2390 1238 2474 sycophantiis

552 2519 651 2580 Toum
668 2509 820 2573 coornodo
837 2505 985 2567 villicum.

411 2632 529 2709 Quibus
551 2626 646 2687 rebus
670 2620 764 2681 Simia
786 2622 867 2677 osset
884 2608 1076 2680 onerandus,
1105 2604 1245 2664 videmus
1260 2620 1306 2660 rs.
1325 2599 1375 2661 tn.

451 2738 503 2797 Vs.
532 2735 580 2794 70.
600 2729 762 2813 pervium:
787 2723 855 2783 diss.
873 2728 907 2780 et
919 2716 1017 2781 editt.
1036 2721 1115 2775 vett.
1134 2712 1202 2773 iero
1214 2708 1376 2791 porciam.-
1484 2737 1487 2745 ι

412 2852 582 2917 utrumque
614 2843 701 2896 reete
727 2831 862 2892 dicitur:
898 2825 940 2887 ci.
959 2823 1030 2885 Aul.
1050 2823 1080 2883 3.
1097 2821 1128 2881 2.
1146 2820 1195 2879 24.
1238 2815 1381 2892 donanto

411 2950 464 3013 Cd.
482 2946 575 3009 Acad.
593 2939 705 3023 procul
720 2937 816 2998 dubio
831 2935 876 2995 sio
899 2929 1175 3012 distinguendum

452 3056 544 3117 Nunc
563 3050 756 3130 desocootnm
775 3051 822 3101 est
838 3032 1006 3100 oor'midt':
1034 3056 1118 3097 nnnc
1130 3032 1325 3117 poroiom'st.

456 3164 506 3223 Vs.
528 3160 576 3220 71.
596 3154 743 3216 ordines:
768 3148 935 3210 Boxhornii
957 3147 1082 3219 ordine,
1103 3140 1243 3219 quamvis
1258 3145 1385 3197 senten-

418 3275 481 3336 tiae
504 3268 567 3330 loci
593 3262 709 3345 optime
734 3258 886 3332 consulit,
923 3274 980 3336 por
1006 3261 1143 3314 metrum
1166 3247 1299 3328 probare
1323 3262 1386 3301 nou

418 3384 504 3444 licet.
556 3372 656 3437 Sicuti
680 3369 747 3448 huj.
773 3366 836 3428 fab.
861 3365 891 3426 2.
917 3364 944 3424 l.
972 3363 1006 3435 5,
1034 3359 1088 3419 hic
1110 3371 1235 3431 quoquo
1251 3350 1386 3427 laniones

418 3508 501 3550 mens
524 3504 582 3568 per
605 3478 774 3560 asyndeton
787 3475 967 3555 junguntur
984 3462 1164 3532 ordinibus,
1191 3474 1254 3533 quo
1270 3450 1386 3511 ulteri-

419 3620 455 3661 us
479 3594 618 3657 declaret
643 3594 735 3671 poeta
759 3583 837 3663 quid
853 3580 942 3641 volit.
984 3574 1035 3634 Sic
1052 3569 1131 3631 solet
1148 3556 1388 3639 inmetuphoris

418 3713 628 3789 spectatorum
667 3693 808 3759 tarditati
852 3682 1028 3749 subvenire.
1086 3672 1172 3737 Nihil
1203 3664 1388 3731 mutandum

419 3832 539 3878 (tondeo.
975 3844 978 3851 .

458 3922 509 3983 ι..
529 3920 577 3980 72.
597 3884 650 3978 aaa
666 3914 804 3976 aaaron.
835 3904 886 3966 sic
902 3898 994 3982 upra.
1009 3897 1047 3969 2,
1065 3893 1098 3967 2,
1121 3891 1154 3965 1,
1175 3886 1231 3948 uu
1247 3884 1380 3963 interpr.

418 4032 547 4100 docent,
585 4042 683 4105 quare
708 4019 833 4082 sinistra
857 4010 1004 4073 dicautur
1018 4005 1140 4090 sonato.
1182 3995 1298 4055 Verrun
1314 3990 1390 4051 licet

421 4136 482 4197 Cic.
507 4152 633 4213 quoquo
649 4130 689 4191 de
705 4128 773 4195 Dir.
793 4120 841 4186 ΙΙ.
854 4120 909 4195 39,
938 4112 1087 4181 Bononio
1104 4107 1252 4177 sinistro,
1279 4096 1388 4194 Grojis
