3275 5117
873 500 927 577 22

495 762 553 809 ω.
575 738 638 807 Dii
649 750 682 806 tc
692 738 778 806 mihi
789 758 903 807 omues
914 754 1062 807 scrreut.
1084 740 1212 810 Verum
1222 746 1255 812 si
1265 759 1375 833 potes,

416 860 492 925 120.
502 854 647 926 Pictutis
672 875 791 923 cauum
811 853 869 921 rel
892 856 992 921 etism
1013 869 1152 923 matrem
1172 878 1315 949 quoquo.

501 990 554 1035 rs.
577 967 630 1036 De
652 970 737 1034 istac
758 990 795 1033 re
818 969 854 1033 iu
876 965 1010 1033 oculum
1023 972 1189 1038 utrumvis
1202 976 1379 1063 conquies-

499 1208 561 1263 01.
577 1193 720 1263 Oculum
731 1208 865 1275 utrum,
881 1156 967 1261 nuuc
979 1197 1015 1261 iu
1026 1196 1159 1265 cursuri
1181 1221 1232 1267 rs.
1255 1102 1379 1268 ΑιοΙιῗο

943 1310 1172 1401 pervolgatum
1184 1327 1238 1382 cst
1247 1316 1372 1399 miuus.

500 1500 556 1553 119.
575 1500 646 1551 ebert
664 1511 761 1549 enses.

455 1695 504 1755 Vs.
537 1694 604 1755 119.
632 1693 679 1752 dii
704 1701 734 1750 ts
763 1690 842 1750 miii
867 1708 970 1751 omnes
995 1702 1139 1753 seweni:
1169 1704 1380 1756 commoretur

415 1803 520 1865 statim
538 1798 714 1873 Calidorus,
746 1806 779 1859 et
798 1797 908 1857 haeret
927 1796 1070 1872 audieus,
1093 1800 1244 1862 Pseudolo
1262 1802 1296 1861 iu
1314 1802 1384 1863 eui-

393 1927 471 1973 'mo
497 1928 578 1982 osse,
619 1908 712 1969 etiam
741 1914 861 1986 petrem
890 1905 1135 1967 circumvenire:
1175 1906 1230 1967 sed
1257 1908 1386 1969 amioum

419 2017 573 2097 cogimus,
595 2034 665 2075 mox
685 2012 851 2074 inclamet:
872 2029 929 2091 por
947 2011 1097 2091 pietatem
1116 2021 1149 2074 et
1164 2022 1295 2074 matrem
1304 2032 1383 2091 quo·

420 2142 496 2203 quo
521 2132 650 2203 tangore
686 2120 772 2181 licet.
832 2118 926 2179 soom
952 2117 1069 2179 iterum
1095 2119 1144 2179 ub'
1163 2119 1385 2200 inexspectato.

419 2232 634 2311 Exspectamus
662 2228 762 2288 euim:
803 2244 912 2286 verum
939 2225 966 2285 si
991 2234 1096 2306 potes,
1136 2226 1263 2308 pietatis
1291 2247 1382 2289 ceusu

416 2340 504 2422 putri
521 2357 586 2397 meo
600 2356 715 2420 puros:
743 2332 798 2395 sed
816 2332 919 2394 addit:
951 2333 1001 2393 esi
1019 2344 1050 2393 et
1067 2344 1196 2394 matrem
1216 2346 1317 2416 torpe.

460 2444 510 2506 Vs.
532 2446 599 2506 121.
620 2444 656 2503 de
675 2444 753 2503 istoc
769 2462 803 2501 rs
822 2449 903 2502 eto:
929 2440 1014 2519 quod
1033 2439 1073 2502 ud
1092 2442 1173 2503 huuc
1191 2462 1272 2517 rem,
1295 2452 1385 2504 utro·

420 2572 483 2631 quo
520 2551 611 2614 oculo
647 2549 805 2623 obdormi,
844 2566 972 2609 securus
1000 2556 1083 2608 esto:
1124 2548 1166 2611 ci.
1193 2548 1318 2611 Ruhnk.
1347 2548 1387 2609 od

421 2662 491 2722 Ter.
512 2659 623 2720 fleant.
642 2659 679 2731 2,
710 2658 747 2731 3,
779 2656 847 2717 101.

462 2765 513 2825 Vs.
540 2764 606 2824 122.
636 2774 669 2822 ct
688 2762 742 2823 hoc
758 2762 970 2844 percolqamm
990 2775 1036 2824 est
1054 2766 1180 2827 minus:
1207 2784 1265 2847 pro
1283 2768 1387 2827 misses

425 2871 514 2934 Both.
543 2870 662 2932 mavult
682 2871 795 2943 nimis,
826 2870 949 2945 dicens,
971 2891 1035 2933 uon
1053 2892 1121 2934 esse
1138 2875 1242 2935 miuus
1260 2874 1388 2956 pervul-

423 2987 547 3060 gatum,
578 2978 620 3036 iu*
631 2994 738 3037 aurem
757 2978 907 3037 utramvis
926 2981 1162 3057 conquiescere,
1185 2981 1240 3043 sed
1257 2982 1293 3042 iu
1311 3003 1387 3045 ocu·

424 3086 490 3145 lum
509 3082 672 3143 utrumvis.
714 3080 799 3142 Nihil
818 3083 943 3147 omuino
963 3094 1066 3147 temen
1084 3089 1284 3151 mutandum:
1307 3090 1389 3149 mul·

426 3203 493 3255 tum
531 3191 614 3251 euim
641 3190 745 3264 obest,
784 3199 822 3251 ut
847 3210 967 3273 sempor
994 3194 1178 3256 observetur
1206 3194 1332 3273 regula,
1370 3213 1389 3252 a

427 3298 637 3363 Grammaticis
665 3298 795 3373 traditu,
836 3319 854 3362 e
880 3302 992 3362 Bothio
1020 3302 1169 3382 repetite,
1203 3300 1254 3360 iic
1271 3318 1392 3379 semper

394 3416 399 3428 ‘
424 3408 564 3491 proxime
591 3406 761 3488 respicere,
793 3408 846 3468 iile
871 3408 1054 3469 remotiora:
1085 3406 1202 3466 dudum
1225 3403 1311 3466 aliud
1334 3403 1391 3465 do·

427 3522 562 3578 (morunt
596 3514 703 3574 Graes.
731 3513 771 3576 ed
796 3516 858 3577 Cio.
889 3535 947 3596 pro
972 3515 1061 3575 Roso.
1089 3514 1171 3574 Com.
1195 3513 1224 3573 2.
1256 3512 1392 3572 Gronov.

427 3623 510 3684 Obss.
541 3621 606 3695 III,
636 3622 674 3683 16
691 3630 770 3683 extr.
799 3622 880 3683 Dok.
907 3620 946 3682 ad
964 3620 1045 3680 Flor.
1065 3619 1096 3692 Ι,
1124 3618 1181 3693 29,
1207 3620 1243 3692 7,
1273 3626 1306 3677 ot
1332 3617 1389 3694 lv,

425 3732 461 3805 2,
491 3731 539 3792 19.
581 3730 637 3791 llic
658 3740 770 3792 tamem
786 3728 898 3790 vocula
920 3728 975 3787 hoo
994 3726 1168 3816 significum
1197 3724 1251 3785 icoc
1271 3746 1387 3799 meum,

425 3838 510 3917 quod
542 3837 609 3898 dixi
629 3840 665 3897 in
693 3836 821 3898 oculum.
867 3834 907 3894 Ut
935 3852 1010 3895 vero
1037 3834 1134 3915 probe
1162 3833 1392 3914 intelligemus,

426 3944 551 4022 qualem
571 3944 713 4024 joculuru
736 3949 830 4024 poeta
855 3950 990 4003 sectatus
1015 3942 1073 4016 sit,
1101 3942 1243 4003 attulisse
1265 3941 1393 4023 juvabit

324 4032 327 4039 Δ
427 4052 527 4112 simile
545 4054 719 4133 exemplum
739 4071 777 4113 ex
795 4050 906 4114 Bacch.
928 4051 957 4111 i.
982 4050 1010 4110 9.
1035 4050 1091 4111 119
1109 4067 1156 4127 sq.
