3275 5117
896 528 923 599 8

492 772 660 839 Lenonern
681 764 773 833 fallit
793 764 1049 854 syrophentneie
1072 764 1200 833 eeonln.

433 888 486 953 15.
499 884 617 953 Scorto
639 878 817 949 Calidorus
838 883 967 967 potitur
985 881 1065 946 viro
1086 878 1238 948 seudolo.

657 1252 1168 1345 PROLOGUS.

840 1482 1010 1511 μ*-

501 1610 682 1722 Stodete
703 1655 803 1722 lodie
820 1656 928 1734 stibi,
951 1656 1038 1724 tona
1059 1660 1394 1745 iueoeoanoffero:

495 1768 585 1835 Nost
608 1768 694 1836 bono
717 1768 815 1837 toute
827 1771 930 1853 ferri
957 1794 1038 1837 reor
1058 1793 1196 1860 aequom
1216 1794 1395 1853 noeane,

473 1969 523 2031 Vs.
548 1971 595 2031 ll.
616 1970 872 2053 syooplontooie:
897 1980 1007 2033 auctor
1025 1970 1151 2032 videtur
1169 1972 1327 2053 scripsisse
1345 1994 1398 2054 sy·

433 2078 613 2161 ooplootio,
638 2080 747 2141 Osann.
765 2080 787 2140 1.
804 2078 827 2140 l.
843 2078 893 2139 vel
910 2079 1111 2162 sycophanta,
1130 2090 1167 2141 ut
1180 2079 1338 2159 adjectum
1352 2082 1399 2142 oia

435 2184 516 2246 mule
531 2185 661 2246 iteratae
675 2184 811 2265 syllabae
828 2204 893 2267 seq.
910 2186 1063 2267 originem
1079 2187 1195 2249 debere
1211 2188 1358 2249 dicamus.

475 2290 526 2353 Vs.
558 2293 605 2355 15.
640 2292 715 2353 Viuo
737 2293 883 2355 reuoluto:
912 2293 1053 2376 ineptum
1072 2294 1142 2357 hoo.
1183 2294 1280 2374 llnjus
1299 2296 1400 2377 suspi-

436 2409 524 2462 oatus
550 2408 612 2461 est:
650 2411 721 2461 osta
747 2402 798 2461 vel
814 2402 934 2483 froude
961 2402 1119 2463 Pseudoti.
1166 2404 1283 2464 Osann:
1314 2422 1402 2463 seruo

437 2506 606 2569 Pseudolo:
627 2508 711 2590 quod
730 2508 1007 2571 sanemalolatine
1021 2528 1096 2590 pro:
1105 2529 1293 2591 personum
1301 2508 1400 2569 Pseu-

438 2614 548 2677 dolum.
598 2616 689 2677 Forte
708 2617 819 2677 melius
839 2616 917 2678 orit:
947 2616 1031 2676 solvo
1047 2615 1213 2689 Pseudolo,
1243 2624 1280 2677 ut
1298 2614 1399 2687 diost,

438 2724 564 2804 impune
584 2723 669 2785 dolos
689 2745 758 2784 suos
774 2724 966 2785 machinatos
994 2743 1060 2784 esso
1074 2723 1274 2797 Pseudolum,
1306 2732 1403 2804 atque

440 2826 553 2889 herum
579 2829 733 2909 tetigisse:
770 2831 901 2911 quodsi
920 2826 1059 2910 rejicias,
1086 2834 1157 2893 vivo
1178 2832 1223 2896 ita
1240 2830 1302 2893 erit
1318 2831 1402 2894 aooi·

440 2936 600 3018 piendum,
624 2946 660 2997 ut
678 2956 767 3017 saepe
784 2938 866 3017 opud
882 2938 1041 3012 Plautum,
1074 2949 1106 3000 et
1122 2940 1156 3001 in
1169 2942 1327 3004 notissima
1343 2940 1400 3003 illa

441 3044 590 3105 formula:
621 3063 666 3103 aas
689 3045 760 3103 eino
781 3054 871 3124 utque
896 3045 1037 3117 uidente,
1065 3048 1132 3124 ἐμεῦ
1154 3049 1269 3125 ζῶντος,
1289 3054 1335 3109 nal
1357 3048 1403 3107 tal

444 3154 516 3228 xisti
534 3151 697 3227 δερκομένοιο.

484 3326 581 3405 liujus
612 3325 735 3407 prologi
759 3326 886 3415 ultimos
911 3329 989 3391 (tuos
1015 3347 1121 3389 versus
1146 3334 1267 3386 tantum
1288 3321 1406 3383 habent

444 3433 574 3515 plurimi
602 3434 686 3509 Mss,
716 3433 750 3495 in
775 3434 814 3495 iis
840 3434 937 3497 oodex
964 3432 1110 3495 Ambros:
1142 3441 1263 3493 eeteros
1280 3429 1407 3510 ingenio

444 3541 590 3604 Plautino
616 3541 709 3623 plane
735 3542 881 3623 indignos
895 3542 1040 3622 judicant
1058 3539 1098 3601 ad
1116 3558 1214 3599 unum
1231 3556 1337 3599 omnes
1354 3537 1406 3596 in·

443 3658 606 3731 terpretes.
658 3650 704 3710 lle
731 3651 878 3730 antiquos
904 3648 1032 3729 quidem
1059 3655 1165 3709 oonset
1189 3646 1297 3707 Osann.
1318 3645 1406 3706 Anat

446 3757 522 3820 Grit.
542 3757 614 3839 Peg.
637 3757 711 3832 llll,
740 3767 911 3838 postremos
929 3774 1036 3815 versus
1053 3763 1175 3835 partem
1194 3754 1267 3816 novi
1285 3753 1407 3835 prologi

446 3883 511 3925 osso
530 3865 722 3939 existimans,
745 3864 779 3924 in
798 3884 888 3924 usum
906 3862 1059 3943 repetitae
1076 3862 1201 3925 fabulae
1218 3861 1349 3923 aetionis
1367 3861 1408 3921 ab

445 3970 598 4033 histrione
616 3971 717 4035 aliove
735 3970 960 4051 interpolatore
978 3954 1129 4031 oonleotiJ

488 4076 538 4137 Vs.
567 4078 693 4140 2-10.
734 4078 925 4159 Quamquam
961 4077 1113 4157 ejusmodi
1140 4077 1211 4140 lusu
1236 4076 1411 4138 delectatur
