3275 5117
853 492 932 569 182

445 782 448 789 -
469 756 519 801 rs.
545 732 698 800 Molliter
710 734 796 799 siste
809 752 985 811 eunome,
1007 732 1287 804 esreneeetlem:
1310 759 1376 804 nou

818 847 914 914 violer
925 868 976 912 me
991 892 1001 925 ,
1017 861 1053 911 nt
1063 848 1195 915 metlitle
1205 852 1378 917 medeam?

474 988 517 1030 sr.
545 961 638 1040 Quae
663 967 730 1029 istu
753 962 835 1028 haee
856 960 1079 1041 eutlsoieest,
1104 975 1137 1028 te
1150 966 1201 1031 sie
1212 966 1378 1033 iutertlius

643 1096 716 1141 eum
730 1073 855 1141 eorolln
867 1073 996 1139 ebrium
1009 1074 1178 1141 incederet
1190 1098 1241 1142 rs.
1255 1079 1378 1146 Lubet.

472 1216 514 1257 sr.
539 1188 630 1267 Quid
649 1186 769 1254 lubetl
791 1188 920 1275 pergin’
946 1200 1076 1255 ructare
1095 1190 1303 1256 iuosmihii
1326 1216 1378 1260 rs.

665 1304 786 1369 Suavis
799 1315 913 1367 ruotus
925 1300 1009 1367 mibi
1021 1315 1094 1367 est:
1119 1304 1256 1369 siosine
1268 1306 1376 1371 morlo.

407 1427 511 1486 10.sr.
537 1418 644 1485 Credo
669 1417 824 1505 equidem
836 1430 971 1503 potesse
990 1429 1047 1493 te,
1070 1414 1207 1494 scelus,
1233 1417 1380 1485 Massici

882 1532 1004 1595 montis
1017 1529 1211 1597 uberrumos
1224 1545 1380 1620 quattuor

472 1648 614 1712 Fructus
630 1644 764 1711 ebibere
777 1645 812 1707 in
825 1644 906 1708 lroru
917 1666 994 1708 unu.
1003 1666 1055 1709 rs.
1068 1642 1238 1725 Hiberus,
1253 1647 1378 1712 addito.

966 1780 1010 1822 sr.
1033 1757 1132 1822 Hsud
1143 1758 1229 1823 mole
1241 1781 1378 1825 mones:

479 1904 504 1957 7.
523 1904 649 1953 morsos·
665 1904 766 1953 Meum.
803 1904 830 1951 8.
849 1904 942 1952 tutore.

412 2038 551 2101 curtato,
585 2025 641 2105 qui
661 2035 804 2097 vocatur,
837 2046 893 2084 our
912 2036 1026 2104 eqorrret
1045 2024 1197 2105 effictori
1227 2026 1376 2101 Queritur

415 2135 482 2196 soil.
514 2133 699 2203 Pseudolus,
738 2132 892 2193 Simonem
920 2150 1077 2211 repugno
1096 2140 1278 2209 pereutere,
1310 2150 1383 2190 ver·

417 2244 542 2314 horare,
584 2260 663 2320 queo
690 2242 724 2299 in
754 2238 802 2298 his
822 2238 937 2299 subulis
956 2238 1040 2299 houd
1058 2237 1239 2316 infrequens
1259 2247 1306 2296 est
1326 2257 1381 2297 no·

414 2350 459 2410 tio
488 2348 577 2408 verbi
613 2348 786 2427 afflictare:
817 2346 858 2407 oi.
888 2345 959 2417 Aul.
989 2349 1020 2406 l.
1048 2345 1077 2406 i.
1099 2345 1135 2419 53
1164 2342 1276 2403 Beceh.
1299 2346 1327 2403 1.
1348 2345 1379 2403 2.

413 2456 470 2531 to;
501 2455 564 2515 llil.
586 2456 614 2515 l.
637 2455 665 2515 2.
687 2454 745 2530 tl,
768 2452 847 2514 llud.
870 2454 899 2513 3.
921 2453 950 2513 2.
972 2454 1021 2512 31.

452 2562 502 2623 Vs.
526 2565 553 2623 7.
575 2563 659 2622 siste.
690 2560 797 2641 steph.
820 2562 952 2620 tostire.

452 2672 502 2731 Vs.
532 2671 561 2729 9.
591 2671 635 2729 sr'o
665 2670 734 2728 eine
764 2669 865 2741 modo,
898 2676 946 2726 est
965 2667 1170 2741 fastidientis,
1202 2676 1235 2727 et
1254 2666 1381 2727 moleste

413 2778 560 2840 ferentis:
584 2780 675 2839 Truo.
697 2779 733 2849 5,
759 2778 790 2849 l,
815 2778 843 2837 l.

452 2884 503 2945 Vs.
535 2884 582 2943 ll.
603 2884 780 2943 uberrumos
795 2886 941 2961 fruetus,
970 2883 991 2942 i.
1020 2902 1048 2942 e.
1070 2901 1206 2943 annuum
1226 2882 1380 2942 reditum:

415 2992 455 3052 ei.
485 2992 584 3051 West.
615 2991 654 3051 ad
673 2994 741 3053 Ter.
766 2989 889 3053 Phorm.
912 2992 950 3063 5,
971 2992 1007 3063 b,
1032 2991 1090 3067 ut,
1113 2990 1185 3051 intt.
1208 2990 1246 3051 ud
1268 2990 1381 3051 Catuli.

415 3097 498 3160 CXV.
514 3076 556 3141 '-
593 3098 746 3172 Hiberna,
770 3099 884 3158 addito
915 3098 1044 3161 Romani
1063 3097 1162 3170 horas,
1175 3099 1308 3159 aestivos
1326 3114 1383 3178 pro

415 3205 607 3285 longioribus
627 3214 761 3285 ponunt,
785 3206 934 3267 hibernos
954 3206 1005 3266 rel
1025 3206 1181 3267 brumales
1189 3224 1247 3285 pro
1256 3204 1382 3266 brevio·

414 3313 511 3374 ribus.
569 3312 643 3373 Num
665 3311 731 3372 dies
758 3322 819 3373 tum
844 3313 1010 3387 hibernus,
1045 3331 1139 3391 quum
1164 3313 1314 3385 aestivus,
1351 3320 1384 3371 et

416 3442 495 3495 nox,
523 3430 583 3481 tum
602 3420 729 3494 hiemis,
760 3440 852 3499 quum
870 3422 996 3482 aestatis
1015 3421 1077 3480 suit
1093 3422 1132 3480 iis
1149 3420 1208 3479 XII
1227 3419 1382 3480 horarum.

417 3529 464 3589 Its
499 3527 662 3589 eveniebat
699 3528 889 3603 necessario,
931 3538 967 3588 ut
991 3546 1048 3608 per
1074 3534 1222 3587 aestatem
1256 3524 1387 3583 diurnae

417 3638 578 3697 nocturnis
618 3647 719 3697 essent
756 3636 927 3715 longiores,
968 3652 1026 3714 per
1053 3632 1186 3691 hiemem
1219 3627 1385 3687 breviores.

418 3743 469 3803 Sie
484 3744 521 3805 etl
543 3745 650 3805 Senes.
681 3744 768 3803 llere.
794 3744 866 3802 Fur.
888 3742 947 3801 8t2
961 3741 1092 3826 Gronor.
1118 3734 1309 3814 Hyperbolee
1324 3732 1386 3792 ita·

418 3867 480 3925 que
504 3850 663 3929 ungendae
688 3850 828 3922 inservit.
871 3848 975 3907 Latius
999 3846 1038 3905 tle
1060 3844 1118 3905 hae
1137 3842 1284 3921 temporis
1301 3840 1384 3899 diri-

418 3956 512 4016 dendi
537 3958 657 4019 ratione
682 3960 746 4038 egit
764 3958 869 4019 Barth.
888 3954 963 4014 Λᾶν.
985 3952 1025 4012 ΙΙ.
1048 3952 1102 4024 19,
1132 3947 1304 4026 multisque
1322 3957 1384 4007 tes-

419 4064 554 4126 timoniis
572 4066 715 4127 firrnuvit.
757 4066 843 4126 Adde
860 4065 932 4124 intt.
951 4062 990 4123 ed
1007 4061 1093 4141 l'irg.
1113 4060 1223 4136 Georg.
1245 4056 1273 4116 l.
1293 4056 1343 4116 32.
