3275 5117
733 558 844 633 91-

334 821 385 865 η.
409 798 483 864 Vae
496 798 577 863 tibi!
606 808 642 863 tu
653 798 810 863 inventus
821 817 919 875 vero,
932 816 1036 860 meam
1048 796 1108 884 qui
1119 793 1235 860 lorell-

1044 906 1098 975 les
1109 907 1211 973 fidem
1225 908 1233 970 l

338 1025 448 1103 Quasi
470 1025 556 1092 mihi
577 1045 642 1091 non
665 1036 826 1091 sexcenta
847 1022 1240 1090 tentessoliolenntere·

1123 1177 1127 1185 ·
1139 1136 1214 1202 dier
1227 1138 1236 1199 !

334 1279 394 1323 nn.
420 1256 537 1325 Potest
548 1267 585 1321 ut
595 1253 658 1321 alii
671 1257 720 1320 ite
730 1253 984 1332 arbitrentur‚et
996 1275 1058 1339 ego
1070 1266 1155 1318 utne
1167 1272 1241 1316 ere·

1076 1363 1150 1429 dnm
1162 1362 1242 1428 tibi.

337 1510 387 1554 rs.
413 1485 519 1564 Quasi
539 1501 574 1552 tn
587 1485 679 1553 dions
691 1505 744 1550 me
755 1496 788 1549 te
799 1481 891 1549 relle
902 1494 1039 1569 argento
1050 1477 1238 1546 circumdu-

1152 1615 1240 1659 oere.

361 1789 403 1841 37.
422 1788 494 1839 abeat
509 1786 569 1837 soli.
604 1786 647 1838 38.
665 1785 717 1835 atis·
734 1791 760 1833 te
776 1784 953 1835 arbitrentur.

273 1993 312 2032 ns
322 1993 333 2047 ,·
362 1973 407 2031 sio
426 1988 605 2041 servavero,
634 1966 687 2029 oui
704 1965 789 2027 favet
806 1964 939 2026 eliorum
957 1969 1139 2041 corruptum
1156 1980 1242 2020 norro

272 2084 349 2161 jam.
391 2077 534 2139 Altermn
550 2076 643 2138 alteri
662 2093 726 2134 non
742 2084 907 2153 antepono.
950 2069 1061 2143 loeus,
1079 2085 1172 2144 quern
1188 2066 1242 2129 hie

273 2188 392 2267 optime
424 2183 699 2267 deprehenderunt
732 2180 884 2259 interpr.,
916 2176 1064 2248 facetior,
1103 2175 1130 2235 si
1146 2196 1243 2257 peen-

192 2368 194 2376 Α
275 2298 359 2359 niam
376 2294 410 2355 in
427 2314 504 2357 aona
520 2294 657 2354 vinetum
675 2289 856 2369 cogitamur.

314 2404 365 2465 Vs.
386 2404 435 2465 36.
457 2422 555 2461 rneom
573 2400 628 2480 qni
636 2395 780 2478 soreiller
796 2394 902 2475 fidem.
945 2392 1082 2454 Verbum
1098 2393 1240 2472 hoefor-

274 2513 384 2573 cillere
407 2528 501 2587 quam
517 2506 667 2588 plurimas
693 2502 812 2564 crearit
828 2501 985 2563 molestias
1000 2501 1242 2583 interpretibus,

189 2654 193 2659 ·
275 2620 345 2695 qni,
372 2616 512 2693 quamvis
537 2613 571 2671 in
596 2609 738 2673 omnibus
764 2609 831 2669 llss.
850 2608 896 2669 sie
913 2608 1046 2688 legitur,
1072 2610 1107 2669 in
1124 2610 1246 2673 diversa

275 2727 402 2787 abeunt.
460 2719 687 2782 Contumelioso
713 2717 833 2796 rejecta
858 2716 998 2779 Lambini
1027 2718 1248 2800 interpretatio

276 2832 310 2890 in
335 2826 584 2909 desperatissima
608 2825 668 2886 hae
696 2844 789 2886 censa
812 2824 874 2885 nisi
901 2800 1018 2906 optima
1042 2835 1105 2900 est,
1143 2838 1247 2889 tamen

276 2933 505 3016 exoptatissima
546 2932 686 3006 accidit,
733 2933 778 2994 sie
810 2933 980 2994 vertentis:
1027 2944 1125 2995 rneom
1151 2935 1247 3017 fidem

275 3046 365 3125 queri
388 3041 496 3123 foreis
529 3050 670 3121 torqueor
707 3051 737 3099 et
773 3041 941 3123 depraves:
980 3041 1075 3102 immo
1099 3060 1176 3104 vero
1201 3043 1247 3104 lo·

275 3171 375 3225 neres,
406 3148 572 3208 distrahor.
616 3147 681 3208 Vox
707 3157 754 3209 est
769 3168 787 3210 a
801 3169 891 3210 servo
905 3148 987 3210 fieta.
1030 3148 1149 3211 Furore
1165 3150 1249 3209 enim

276 3260 328 3320 rel
346 3255 499 3338 furcillae
524 3256 746 3327 instrumenta,
784 3275 873 3317 servo
896 3256 1038 3334 improbo
1063 3276 1100 3320 ee
1116 3276 1249 3336 nequam

278 3366 437 3429 notissima
461 3361 551 3442 (hine
575 3362 748 3424 locutiones
772 3363 829 3423 rob
845 3365 952 3443 foreis
969 3366 1072 3439 enodi,
1091 3367 1247 3446 furcifer,

278 3475 356 3550 alia,
381 3473 420 3533 de
446 3472 543 3532 servis
559 3480 591 3531 et
610 3472 644 3532 in
662 3490 764 3533 servos
781 3472 908 3551 proprie
926 3471 1040 3553 diete):
1066 3472 1174 3549 itaque
1190 3472 1251 3531 mi·

278 3603 349 3643 rum
366 3600 429 3643 non
448 3589 513 3652 est,
543 3579 569 3638 si
595 3579 763 3639 Pseudolus
781 3578 968 3659 supplicium
985 3579 1144 3641 lurcorum
1166 3598 1251 3640 eom-

279 3697 445 3762 memorat,
484 3706 548 3765 qno
574 3687 641 3768 ipse
665 3687 777 3748 crebro
798 3686 926 3747 effeetus
949 3686 1030 3760 fuit,
1057 3686 1109 3745 rel
1125 3704 1252 3747 conser-

278 3820 333 3860 vos
349 3797 504 3860 cruciatos
527 3794 618 3855 vidit.
655 3795 781 3876 Copiose
798 3794 957 3855 furcarum
971 3793 1149 3873 poenalium
1163 3811 1252 3853 usum

279 3905 423 3986 exposuit
447 3904 570 3984 Lipsnle
589 3906 700 3975 Cruee,
733 3902 792 3963 111.
812 3904 842 3964 2.
861 3920 928 3979 sqq.
970 3901 1077 3981 steph.
1092 3901 1159 3979 jem
1177 3921 1252 3962 eon·

275 4014 357 4092 jecit
374 4012 547 4091 flooor'ller,
587 4021 619 4070 et
646 4011 680 4069 in
705 4010 846 4090 margine
871 4009 1017 4070 editionis
1052 4028 1124 4070 suae
1150 4011 1254 4070 notari

278 4120 384 4197 jussit.
