<?xml version="1.0" encoding="UTF-8"?>
<!DOCTYPE html PUBLIC "-//W3C//DTD XHTML 1.0 Transitional//EN"
    "http://www.w3.org/TR/xhtml1/DTD/xhtml1-transitional.dtd">
<html xmlns="http://www.w3.org/1999/xhtml" xml:lang="en" lang="en">
 <head>
  <title>
</title>
<meta http-equiv="Content-Type" content="text/html;charset=utf-8" />
  <meta name='ocr-system' content='tesseract 3.04.00' />
  <meta name='ocr-capabilities' content='ocr_page ocr_carea ocr_par ocr_line ocrx_word'/>
</head>
<body>
  <div class='ocr_page' id='page_1' title='image "./specimenliterar00romegoog_0133.png"; bbox 0 0 3275 5117; ppageno 0'>
   <div class='ocr_carea' id='block_1_1' title="bbox 688 530 790 607">
    <p class='ocr_par' dir='ltr' id='par_1_1' title="bbox 688 530 790 607">
     <span class='ocr_line' id='line_1_1' title="bbox 688 530 790 607; baseline -0.02 0"><span class='ocrx_word' id='word_1_1' title='bbox 688 530 762 607; x_wconf 73' lang='lat'><strong>121</strong></span> <span class='ocrx_word' id='word_1_2' title='bbox 787 535 790 546; x_wconf 86' lang='grc'><strong>“</strong></span> 
     </span>
    </p>
   </div>
   <div class='ocr_carea' id='block_1_2' title="bbox 240 765 1249 2100">
    <p class='ocr_par' dir='ltr' id='par_1_2' title="bbox 307 765 1013 856">
     <span class='ocr_line' id='line_1_2' title="bbox 307 765 1013 856; baseline -0.003 -22"><span class='ocrx_word' id='word_1_3' title='bbox 307 766 388 833; x_wconf 89' lang='lat' dir='ltr'><strong>Nisi</strong></span> <span class='ocrx_word' id='word_1_4' title='bbox 410 765 562 833; x_wconf 85' lang='lat' dir='ltr'><strong>milvinis</strong></span> <span class='ocrx_word' id='word_1_5' title='bbox 585 779 643 832; x_wconf 90' lang='lat' dir='ltr'><strong>aut</strong></span> <span class='ocrx_word' id='word_1_6' title='bbox 665 766 829 854; x_wconf 76' lang='lat' dir='ltr'><strong>aquilinis</strong></span> <span class='ocrx_word' id='word_1_7' title='bbox 850 766 1013 856; x_wconf 78' lang='lat' dir='ltr'><strong>ungulisl</strong></span> 
     </span>
    </p>

    <p class='ocr_par' dir='ltr' id='par_1_3' title="bbox 240 878 1182 1089">
     <span class='ocr_line' id='line_1_3' title="bbox 306 878 1182 971; baseline 0.007 -24"><span class='ocrx_word' id='word_1_8' title='bbox 306 904 362 947; x_wconf 80' lang='lat' dir='ltr'><strong>ns.</strong></span> <span class='ocrx_word' id='word_1_9' title='bbox 384 881 439 948; x_wconf 85' lang='lat' dir='ltr'><strong>Au</strong></span> <span class='ocrx_word' id='word_1_10' title='bbox 453 895 489 948; x_wconf 90' lang='lat' dir='ltr'><strong>tu</strong></span> <span class='ocrx_word' id='word_1_11' title='bbox 501 884 713 969; x_wconf 86' lang='lat' dir='ltr'><strong>coquinatum</strong></span> <span class='ocrx_word' id='word_1_12' title='bbox 726 894 759 948; x_wconf 86' lang='lat' dir='ltr'><strong>to</strong></span> <span class='ocrx_word' id='word_1_13' title='bbox 770 882 820 948; x_wconf 87' lang='lat' dir='ltr'><strong>ire</strong></span> <span class='ocrx_word' id='word_1_14' title='bbox 833 878 1158 971; x_wconf 67' lang='lat' dir='ltr'><strong>quoquum&#39;postulas</strong></span> <span class='ocrx_word' id='word_1_15' title='bbox 1171 932 1182 966; x_wconf 91' lang='lat'><strong>‚</strong></span> 
     </span>
     <span class='ocr_line' id='line_1_4' title="bbox 240 994 1179 1089; baseline 0.004 -28"><span class='ocrx_word' id='word_1_16' title='bbox 240 1000 297 1062; x_wconf 78' lang='grc'><strong>65.</strong></span> <span class='ocrx_word' id='word_1_17' title='bbox 310 994 401 1071; x_wconf 80' lang='lat' dir='ltr'><strong>Quin</strong></span> <span class='ocrx_word' id='word_1_18' title='bbox 422 995 473 1061; x_wconf 91' lang='lat' dir='ltr'><strong>ibi</strong></span> <span class='ocrx_word' id='word_1_19' title='bbox 494 997 688 1062; x_wconf 72' lang='lat' dir='ltr'><strong>constrictis</strong></span> <span class='ocrx_word' id='word_1_20' title='bbox 711 994 850 1084; x_wconf 76' lang='lat' dir='ltr'><strong>ungulis</strong></span> <span class='ocrx_word' id='word_1_21' title='bbox 872 1018 1009 1063; x_wconf 84' lang='lat' dir='ltr'><strong>coenam</strong></span> <span class='ocrx_word' id='word_1_22' title='bbox 1030 1001 1179 1089; x_wconf 78' lang='lat' dir='ltr'><strong>coquasi</strong></span> 
     </span>
    </p>

    <p class='ocr_par' dir='ltr' id='par_1_4' title="bbox 305 1108 1163 1197">
     <span class='ocr_line' id='line_1_5' title="bbox 305 1108 1163 1197; baseline 0.005 -22"><span class='ocrx_word' id='word_1_23' title='bbox 305 1108 403 1175; x_wconf 91' lang='lat' dir='ltr'><strong>Nunc</strong></span> <span class='ocrx_word' id='word_1_24' title='bbox 424 1109 506 1176; x_wconf 87' lang='lat' dir='ltr'><strong>adeo</strong></span> <span class='ocrx_word' id='word_1_25' title='bbox 529 1122 565 1175; x_wconf 89' lang='lat' dir='ltr'><strong>tu</strong></span> <span class='ocrx_word' id='word_1_26' title='bbox 587 1111 646 1197; x_wconf 89' lang='lat' dir='ltr'><strong>qui</strong></span> <span class='ocrx_word' id='word_1_27' title='bbox 666 1130 759 1174; x_wconf 86' lang='lat' dir='ltr'><strong>meus</strong></span> <span class='ocrx_word' id='word_1_28' title='bbox 783 1130 844 1189; x_wconf 86' lang='lat' dir='ltr'><strong>es,</strong></span> <span class='ocrx_word' id='word_1_29' title='bbox 862 1114 935 1196; x_wconf 74' lang='lat' dir='ltr'><strong>jam</strong></span> <span class='ocrx_word' id='word_1_30' title='bbox 957 1111 1052 1177; x_wconf 85' lang='lat' dir='ltr'><strong>odico</strong></span> <span class='ocrx_word' id='word_1_31' title='bbox 1074 1113 1163 1194; x_wconf 89' lang='lat' dir='ltr'><strong>tibi,</strong></span> 
     </span>
    </p>

    <p class='ocr_par' dir='ltr' id='par_1_5' title="bbox 306 1221 994 1312">
     <span class='ocr_line' id='line_1_6' title="bbox 306 1221 994 1312; baseline -0.001 -21"><span class='ocrx_word' id='word_1_32' title='bbox 306 1222 369 1291; x_wconf 90' lang='lat' dir='ltr'><strong>Uti</strong></span> <span class='ocrx_word' id='word_1_33' title='bbox 391 1236 507 1291; x_wconf 88' lang='lat' dir='ltr'><strong>uostra</strong></span> <span class='ocrx_word' id='word_1_34' title='bbox 528 1246 685 1312; x_wconf 86' lang='lat' dir='ltr'><strong>properes</strong></span> <span class='ocrx_word' id='word_1_35' title='bbox 708 1221 843 1289; x_wconf 83' lang='lat' dir='ltr'><strong>amoliri</strong></span> <span class='ocrx_word' id='word_1_36' title='bbox 864 1227 994 1291; x_wconf 78' lang='lat' dir='ltr'><strong>omnint</strong></span> 
     </span>
    </p>

    <p class='ocr_par' dir='ltr' id='par_1_6' title="bbox 307 1335 1162 1425">
     <span class='ocr_line' id='line_1_7' title="bbox 307 1335 1162 1425; baseline 0.002 -22"><span class='ocrx_word' id='word_1_37' title='bbox 307 1336 393 1403; x_wconf 82' lang='lat' dir='ltr'><strong>&#39;l&#39;um</strong></span> <span class='ocrx_word' id='word_1_38' title='bbox 415 1350 452 1402; x_wconf 94' lang='lat' dir='ltr'><strong>ut</strong></span> <span class='ocrx_word' id='word_1_39' title='bbox 473 1339 574 1425; x_wconf 81' lang='lat' dir='ltr'><strong>hujus</strong></span> <span class='ocrx_word' id='word_1_40' title='bbox 597 1335 711 1403; x_wconf 80' lang='lat' dir='ltr'><strong>oculos</strong></span> <span class='ocrx_word' id='word_1_41' title='bbox 735 1338 772 1401; x_wconf 95' lang='lat' dir='ltr'><strong>iu</strong></span> <span class='ocrx_word' id='word_1_42' title='bbox 792 1335 903 1403; x_wconf 87' lang='lat' dir='ltr'><strong>oculis</strong></span> <span class='ocrx_word' id='word_1_43' title='bbox 925 1336 1048 1403; x_wconf 84' lang='lat' dir='ltr'><strong>habeas</strong></span> <span class='ocrx_word' id='word_1_44' title='bbox 1070 1339 1162 1406; x_wconf 84' lang='lat' dir='ltr'><strong>tuis:</strong></span> 
     </span>
    </p>

    <p class='ocr_par' dir='ltr' id='par_1_7' title="bbox 243 1449 1183 1653">
     <span class='ocr_line' id='line_1_8' title="bbox 309 1449 1172 1539; baseline 0.001 -21"><span class='ocrx_word' id='word_1_45' title='bbox 309 1450 448 1539; x_wconf 81' lang='lat' dir='ltr'><strong>Quoquo</strong></span> <span class='ocrx_word' id='word_1_46' title='bbox 468 1450 525 1517; x_wconf 89' lang='lat' dir='ltr'><strong>hic</strong></span> <span class='ocrx_word' id='word_1_47' title='bbox 548 1449 735 1539; x_wconf 79' lang='lat' dir='ltr'><strong>spectabit,</strong></span> <span class='ocrx_word' id='word_1_48' title='bbox 759 1471 798 1515; x_wconf 88' lang='lat' dir='ltr'><strong>oo</strong></span> <span class='ocrx_word' id='word_1_49' title='bbox 821 1460 1028 1537; x_wconf 81' lang='lat' dir='ltr'><strong>tu‘spactuto</strong></span> <span class='ocrx_word' id='word_1_50' title='bbox 1050 1450 1172 1519; x_wconf 84' lang='lat' dir='ltr'><strong>simul:</strong></span> 
     </span>
     <span class='ocr_line' id='line_1_9' title="bbox 243 1564 1183 1653; baseline 0 -23"><span class='ocrx_word' id='word_1_51' title='bbox 243 1569 298 1630; x_wconf 84' lang='grc'><strong>70.</strong></span> <span class='ocrx_word' id='word_1_52' title='bbox 314 1564 354 1629; x_wconf 88' lang='lat' dir='ltr'><strong>Si</strong></span> <span class='ocrx_word' id='word_1_53' title='bbox 376 1586 441 1652; x_wconf 87' lang='lat' dir='ltr'><strong>quo</strong></span> <span class='ocrx_word' id='word_1_54' title='bbox 462 1564 519 1630; x_wconf 88' lang='lat' dir='ltr'><strong>hic</strong></span> <span class='ocrx_word' id='word_1_55' title='bbox 542 1564 738 1651; x_wconf 78' lang='lat' dir='ltr'><strong>gradietur,</strong></span> <span class='ocrx_word' id='word_1_56' title='bbox 760 1566 888 1650; x_wconf 84' lang='lat' dir='ltr'><strong>pariter</strong></span> <span class='ocrx_word' id='word_1_57' title='bbox 907 1566 1183 1653; x_wconf 77' lang='lat' dir='ltr'><strong>progrediminor.</strong></span> 
     </span>
    </p>

    <p class='ocr_par' dir='ltr' id='par_1_8' title="bbox 303 1666 1249 1765">
     <span class='ocr_line' id='line_1_10' title="bbox 303 1666 1249 1765; baseline 0.001 -21"><span class='ocrx_word' id='word_1_58' title='bbox 303 1677 440 1744; x_wconf 85' lang='lat' dir='ltr'><strong>Manum</strong></span> <span class='ocrx_word' id='word_1_59' title='bbox 461 1682 495 1744; x_wconf 88' lang='lat' dir='ltr'><strong>si</strong></span> <span class='ocrx_word' id='word_1_60' title='bbox 515 1676 697 1765; x_wconf 85' lang='lat' dir='ltr'><strong>protollct,</strong></span> <span class='ocrx_word' id='word_1_61' title='bbox 720 1680 848 1764; x_wconf 83' lang='lat' dir='ltr'><strong>paritor</strong></span> <span class='ocrx_word' id='word_1_62' title='bbox 867 1680 1015 1765; x_wconf 84' lang='lat' dir='ltr'><strong>proiorto</strong></span> <span class='ocrx_word' id='word_1_63' title='bbox 1037 1701 1182 1745; x_wconf 86' lang='lat' dir='ltr'><strong>manum.</strong></span> <span class='ocrx_word' id='word_1_64' title='bbox 1247 1666 1249 1670; x_wconf 37' lang='lat'>¹</span> 
     </span>
    </p>

    <p class='ocr_par' dir='ltr' id='par_1_9' title="bbox 308 1781 1143 1881">
     <span class='ocr_line' id='line_1_11' title="bbox 308 1781 1143 1881; baseline 0.002 -22"><span class='ocrx_word' id='word_1_65' title='bbox 308 1794 413 1859; x_wconf 87' lang='lat' dir='ltr'><strong>Suum</strong></span> <span class='ocrx_word' id='word_1_66' title='bbox 434 1794 466 1858; x_wconf 84' lang='lat' dir='ltr'><strong>si</strong></span> <span class='ocrx_word' id='word_1_67' title='bbox 488 1793 570 1881; x_wconf 83' lang='lat' dir='ltr'><strong>quid</strong></span> <span class='ocrx_word' id='word_1_68' title='bbox 590 1805 722 1871; x_wconf 85' lang='lat' dir='ltr'><strong>sumat,</strong></span> <span class='ocrx_word' id='word_1_69' title='bbox 746 1792 783 1857; x_wconf 86' lang='lat' dir='ltr'><strong>id</strong></span> <span class='ocrx_word' id='word_1_70' title='bbox 805 1781 842 1859; x_wconf 87' lang='lat' dir='ltr'><strong>tu</strong></span> <span class='ocrx_word' id='word_1_71' title='bbox 864 1793 968 1859; x_wconf 86' lang='lat' dir='ltr'><strong>sinito</strong></span> <span class='ocrx_word' id='word_1_72' title='bbox 990 1816 1143 1860; x_wconf 72' lang='lat' dir='ltr'><strong>sumeret</strong></span> 
     </span>
    </p>

    <p class='ocr_par' dir='ltr' id='par_1_10' title="bbox 304 1904 1104 1987">
     <span class='ocr_line' id='line_1_12' title="bbox 304 1904 1104 1987; baseline -0.004 -14"><span class='ocrx_word' id='word_1_73' title='bbox 304 1907 344 1973; x_wconf 89' lang='lat' dir='ltr'><strong>Si</strong></span> <span class='ocrx_word' id='word_1_74' title='bbox 367 1920 515 1974; x_wconf 88' lang='lat' dir='ltr'><strong>nostrum</strong></span> <span class='ocrx_word' id='word_1_75' title='bbox 538 1917 645 1973; x_wconf 86' lang='lat' dir='ltr'><strong>sumat</strong></span> <span class='ocrx_word' id='word_1_76' title='bbox 657 1953 669 1987; x_wconf 92' lang='lat'><strong>,</strong></span> <span class='ocrx_word' id='word_1_77' title='bbox 694 1919 731 1971; x_wconf 90' lang='lat' dir='ltr'><strong>tu</strong></span> <span class='ocrx_word' id='word_1_78' title='bbox 753 1917 863 1971; x_wconf 84' lang='lat' dir='ltr'><strong>teneto</strong></span> <span class='ocrx_word' id='word_1_79' title='bbox 885 1904 1104 1975; x_wconf 81' lang='lat' dir='ltr'><strong>altrinsecus.</strong></span> 
     </span>
    </p>

    <p class='ocr_par' dir='ltr' id='par_1_11' title="bbox 305 2018 1063 2100">
     <span class='ocr_line' id='line_1_13' title="bbox 305 2018 1063 2100; baseline -0.001 -16"><span class='ocrx_word' id='word_1_80' title='bbox 305 2019 346 2084; x_wconf 82' lang='lat' dir='ltr'><strong>si</strong></span> <span class='ocrx_word' id='word_1_81' title='bbox 368 2022 435 2086; x_wconf 87' lang='lat' dir='ltr'><strong>isto</strong></span> <span class='ocrx_word' id='word_1_82' title='bbox 456 2020 544 2100; x_wconf 86' lang='lat' dir='ltr'><strong>ibit,</strong></span> <span class='ocrx_word' id='word_1_83' title='bbox 569 2022 640 2096; x_wconf 88' lang='lat' dir='ltr'><strong>ito;</strong></span> <span class='ocrx_word' id='word_1_84' title='bbox 665 2018 792 2099; x_wconf 85' lang='lat' dir='ltr'><strong>stabit,</strong></span> <span class='ocrx_word' id='word_1_85' title='bbox 818 2030 926 2085; x_wconf 85' lang='lat' dir='ltr'><strong>astato</strong></span> <span class='ocrx_word' id='word_1_86' title='bbox 947 2018 1063 2084; x_wconf 84' lang='lat' dir='ltr'><strong>simul.</strong></span> 
     </span>
    </p>
   </div>
   <div class='ocr_carea' id='block_1_3' title="bbox 324 2201 1165 2272">
    <p class='ocr_par' dir='ltr' id='par_1_12' title="bbox 324 2201 1165 2272">
     <span class='ocr_line' id='line_1_14' title="bbox 324 2201 1165 2272; baseline 0 -18"><span class='ocrx_word' id='word_1_87' title='bbox 324 2204 367 2254; x_wconf 77' lang='lat' dir='ltr'><strong>ot.</strong></span> <span class='ocrx_word' id='word_1_88' title='bbox 386 2206 575 2272; x_wconf 75' lang='lat' dir='ltr'><strong>cosquiootom</strong></span> <span class='ocrx_word' id='word_1_89' title='bbox 590 2204 641 2253; x_wconf 80' lang='lat' dir='ltr'><strong>iro.</strong></span> <span class='ocrx_word' id='word_1_90' title='bbox 677 2201 719 2254; x_wconf 86' lang='lat'><strong>70.</strong></span> <span class='ocrx_word' id='word_1_91' title='bbox 738 2202 764 2250; x_wconf 81' lang='lat' dir='ltr'><strong>si</strong></span> <span class='ocrx_word' id='word_1_92' title='bbox 781 2202 827 2251; x_wconf 74' lang='lat' dir='ltr'><strong>iic</strong></span> <span class='ocrx_word' id='word_1_93' title='bbox 842 2217 897 2267; x_wconf 74' lang='lat' dir='ltr'><strong>quo</strong></span> <span class='ocrx_word' id='word_1_94' title='bbox 912 2227 945 2240; x_wconf 94' lang='lat'>-</span> <span class='ocrx_word' id='word_1_95' title='bbox 958 2201 1165 2267; x_wconf 77' lang='lat' dir='ltr'><strong>proprodimist&#39;.</strong></span> 
     </span>
    </p>
   </div>
   <div class='ocr_carea' id='block_1_4' title="bbox 230 2350 1255 4133">
    <p class='ocr_par' dir='ltr' id='par_1_13' title="bbox 238 2350 1206 2525">
     <span class='ocr_line' id='line_1_15' title="bbox 238 2350 1206 2435; baseline -0.003 -17"><span class='ocrx_word' id='word_1_96' title='bbox 238 2377 301 2435; x_wconf 83' lang='lat' dir='ltr'><strong>que</strong></span> <span class='ocrx_word' id='word_1_97' title='bbox 328 2358 431 2419; x_wconf 84' lang='lat' dir='ltr'><strong>firmat</strong></span> <span class='ocrx_word' id='word_1_98' title='bbox 455 2376 583 2417; x_wconf 81' lang='lat' dir='ltr'><strong>cooooro</strong></span> <span class='ocrx_word' id='word_1_99' title='bbox 609 2356 736 2414; x_wconf 77' lang='lat' dir='ltr'><strong>odorem.</strong></span> <span class='ocrx_word' id='word_1_100' title='bbox 788 2350 832 2411; x_wconf 78' lang='lat' dir='ltr'><strong>lo</strong></span> <span class='ocrx_word' id='word_1_101' title='bbox 857 2362 959 2413; x_wconf 86' lang='lat' dir='ltr'><strong>tamen</strong></span> <span class='ocrx_word' id='word_1_102' title='bbox 975 2354 1080 2423; x_wconf 76' lang='lat' dir='ltr'><strong>versui</strong></span> <span class='ocrx_word' id='word_1_103' title='bbox 1095 2352 1206 2415; x_wconf 82' lang='lat' dir='ltr'><strong>moles·</strong></span> 
     </span>
     <span class='ocr_line' id='line_1_16' title="bbox 239 2442 741 2525; baseline -0.006 0"><span class='ocrx_word' id='word_1_104' title='bbox 239 2476 305 2525; x_wconf 80' lang='lat' dir='ltr'><strong>tam</strong></span> <span class='ocrx_word' id='word_1_105' title='bbox 322 2484 385 2525; x_wconf 89' lang='lat' dir='ltr'><strong>non</strong></span> <span class='ocrx_word' id='word_1_106' title='bbox 403 2464 536 2525; x_wconf 83' lang='lat' dir='ltr'><strong>uidetur.</strong></span> <span class='ocrx_word' id='word_1_107' title='bbox 676 2442 678 2447; x_wconf 17' lang='grc' dir='ltr'>ι</span> <span class='ocrx_word' id='word_1_108' title='bbox 738 2442 741 2471; x_wconf 38' lang='lat'>³</span> 
     </span>
    </p>

    <p class='ocr_par' dir='ltr' id='par_1_14' title="bbox 230 2546 1255 4133">
     <span class='ocr_line' id='line_1_17' title="bbox 276 2546 1204 2649; baseline -0.004 -17"><span class='ocrx_word' id='word_1_109' title='bbox 276 2573 327 2632; x_wconf 85' lang='lat' dir='ltr'><strong>Vs.</strong></span> <span class='ocrx_word' id='word_1_110' title='bbox 363 2571 413 2632; x_wconf 83' lang='lat'><strong>63.</strong></span> <span class='ocrx_word' id='word_1_111' title='bbox 447 2569 587 2635; x_wconf 75' lang='lat' dir='ltr'><strong>milvinis</strong></span> <span class='ocrx_word' id='word_1_112' title='bbox 611 2546 665 2627; x_wconf 77' lang='lat' dir='ltr'><strong>orit</strong></span> <span class='ocrx_word' id='word_1_113' title='bbox 690 2565 841 2646; x_wconf 74' lang='lat' dir='ltr'><strong>aquilinis</strong></span> <span class='ocrx_word' id='word_1_114' title='bbox 867 2568 1017 2648; x_wconf 76' lang='lat' dir='ltr'><strong>scopulis,</strong></span> <span class='ocrx_word' id='word_1_115' title='bbox 1048 2568 1088 2629; x_wconf 85' lang='lat' dir='ltr'><strong>da</strong></span> <span class='ocrx_word' id='word_1_116' title='bbox 1113 2588 1204 2649; x_wconf 85' lang='lat' dir='ltr'><strong>rapa-</strong></span> 
     </span>
     <span class='ocr_line' id='line_1_18' title="bbox 236 2671 1207 2753; baseline -0.001 -15"><span class='ocrx_word' id='word_1_117' title='bbox 236 2677 364 2743; x_wconf 85' lang='lat' dir='ltr'><strong>cissimis</strong></span> <span class='ocrx_word' id='word_1_118' title='bbox 390 2684 423 2735; x_wconf 88' lang='lat' dir='ltr'><strong>et</strong></span> <span class='ocrx_word' id='word_1_119' title='bbox 446 2673 646 2735; x_wconf 78' lang='lat' dir='ltr'><strong>furacissimis</strong></span> <span class='ocrx_word' id='word_1_120' title='bbox 670 2671 813 2734; x_wconf 83' lang='lat' dir='ltr'><strong>manibus</strong></span> <span class='ocrx_word' id='word_1_121' title='bbox 839 2674 973 2749; x_wconf 87' lang='lat' dir='ltr'><strong>dicitur,</strong></span> <span class='ocrx_word' id='word_1_122' title='bbox 1010 2693 1091 2753; x_wconf 82' lang='lat' dir='ltr'><strong>quaa</strong></span> <span class='ocrx_word' id='word_1_123' title='bbox 1107 2676 1207 2738; x_wconf 88' lang='lat' dir='ltr'><strong>instar</strong></span> 
     </span>
     <span class='ocr_line' id='line_1_19' title="bbox 234 2781 1206 2859; baseline 0.003 -16"><span class='ocrx_word' id='word_1_124' title='bbox 234 2782 322 2843; x_wconf 82' lang='lat' dir='ltr'><strong>milvi</strong></span> <span class='ocrx_word' id='word_1_125' title='bbox 348 2790 381 2842; x_wconf 86' lang='lat' dir='ltr'><strong>ct</strong></span> <span class='ocrx_word' id='word_1_126' title='bbox 405 2782 543 2859; x_wconf 86' lang='lat' dir='ltr'><strong>aquilae,</strong></span> <span class='ocrx_word' id='word_1_127' title='bbox 574 2781 843 2843; x_wconf 81' lang='lat' dir='ltr'><strong>voracissimarum</strong></span> <span class='ocrx_word' id='word_1_128' title='bbox 861 2781 965 2843; x_wconf 80' lang='lat' dir='ltr'><strong>avium</strong></span> <span class='ocrx_word' id='word_1_129' title='bbox 982 2783 1086 2845; x_wconf 86' lang='lat' dir='ltr'><strong>omnia</strong></span> <span class='ocrx_word' id='word_1_130' title='bbox 1102 2782 1206 2846; x_wconf 80' lang='lat' dir='ltr'><strong>edulia</strong></span> 
     </span>
     <span class='ocr_line' id='line_1_20' title="bbox 236 2888 1204 2970; baseline 0.001 -20"><span class='ocrx_word' id='word_1_131' title='bbox 236 2889 380 2970; x_wconf 83' lang='lat' dir='ltr'><strong>rapiunt:</strong></span> <span class='ocrx_word' id='word_1_132' title='bbox 407 2888 449 2949; x_wconf 87' lang='lat' dir='ltr'><strong>cf.</strong></span> <span class='ocrx_word' id='word_1_133' title='bbox 476 2889 570 2949; x_wconf 85' lang='lat' dir='ltr'><strong>Poen.</strong></span> <span class='ocrx_word' id='word_1_134' title='bbox 590 2890 625 2962; x_wconf 89' lang='grc'><strong>5,</strong></span> <span class='ocrx_word' id='word_1_135' title='bbox 652 2892 686 2963; x_wconf 82' lang='lat'><strong>5,</strong></span> <span class='ocrx_word' id='word_1_136' title='bbox 717 2889 773 2966; x_wconf 84' lang='lat'><strong>13;</strong></span> <span class='ocrx_word' id='word_1_137' title='bbox 799 2890 833 2949; x_wconf 90' lang='lat' dir='ltr'><strong>in</strong></span> <span class='ocrx_word' id='word_1_138' title='bbox 851 2890 930 2951; x_wconf 88' lang='lat' dir='ltr'><strong>llen.</strong></span> <span class='ocrx_word' id='word_1_139' title='bbox 951 2890 986 2964; x_wconf 86' lang='lat'><strong>1,-</strong></span> <span class='ocrx_word' id='word_1_140' title='bbox 1012 2891 1054 2964; x_wconf 87' lang='grc'><strong>3,.</strong></span> <span class='ocrx_word' id='word_1_141' title='bbox 1076 2890 1120 2951; x_wconf 76' lang='grc'><strong>29</strong></span> <span class='ocrx_word' id='word_1_142' title='bbox 1133 2891 1204 2951; x_wconf 83' lang='lat' dir='ltr'><strong>mil-</strong></span> 
     </span>
     <span class='ocr_line' id='line_1_21' title="bbox 236 2996 1205 3081; baseline 0 -23"><span class='ocrx_word' id='word_1_143' title='bbox 236 3000 343 3059; x_wconf 78' lang='lat' dir='ltr'><strong>vinum</strong></span> <span class='ocrx_word' id='word_1_144' title='bbox 372 3016 532 3077; x_wconf 74' lang='lat' dir='ltr'><strong>supparare</strong></span> <span class='ocrx_word' id='word_1_145' title='bbox 549 2996 631 3076; x_wconf 82' lang='lat' dir='ltr'><strong>(soil.</strong></span> <span class='ocrx_word' id='word_1_146' title='bbox 652 3000 771 3077; x_wconf 80' lang='lat' dir='ltr'><strong>famem</strong></span> <span class='ocrx_word' id='word_1_147' title='bbox 787 2997 839 3058; x_wconf 86' lang='lat' dir='ltr'><strong>vel</strong></span> <span class='ocrx_word' id='word_1_148' title='bbox 856 2996 1069 3081; x_wconf 69' lang='lat' dir='ltr'><strong>cupiditatem)</strong></span> <span class='ocrx_word' id='word_1_149' title='bbox 1085 3007 1132 3059; x_wconf 85' lang='lat' dir='ltr'><strong>est</strong></span> <span class='ocrx_word' id='word_1_150' title='bbox 1146 3018 1205 3078; x_wconf 89' lang='lat' dir='ltr'><strong>pro</strong></span> 
     </span>
     <span class='ocr_line' id='line_1_22' title="bbox 236 3104 1205 3187; baseline -0.001 -21"><span class='ocrx_word' id='word_1_151' title='bbox 236 3104 533 3166; x_wconf 84' lang='lat' dir='ltr'><strong>vehementissimam</strong></span> <span class='ocrx_word' id='word_1_152' title='bbox 567 3104 770 3186; x_wconf 87' lang='lat' dir='ltr'><strong>cupiditatem</strong></span> <span class='ocrx_word' id='word_1_153' title='bbox 804 3107 939 3187; x_wconf 81' lang='lat' dir='ltr'><strong>alicujus</strong></span> <span class='ocrx_word' id='word_1_154' title='bbox 970 3106 1019 3167; x_wconf 88' lang='lat' dir='ltr'><strong>rei</strong></span> <span class='ocrx_word' id='word_1_155' title='bbox 1050 3106 1205 3181; x_wconf 85' lang='lat' dir='ltr'><strong>exaitare,</strong></span> 
     </span>
     <span class='ocr_line' id='line_1_23' title="bbox 240 3212 968 3291; baseline 0.004 -21"><span class='ocrx_word' id='word_1_156' title='bbox 240 3212 377 3272; x_wconf 76' lang='lat' dir='ltr'><strong>rabidam</strong></span> <span class='ocrx_word' id='word_1_157' title='bbox 396 3213 505 3291; x_wconf 83' lang='lat' dir='ltr'><strong>socors</strong></span> <span class='ocrx_word' id='word_1_158' title='bbox 523 3214 649 3287; x_wconf 76' lang='lat' dir='ltr'><strong>orario,</strong></span> <span class='ocrx_word' id='word_1_159' title='bbox 678 3214 750 3274; x_wconf 85' lang='lat' dir='ltr'><strong>Juv.</strong></span> <span class='ocrx_word' id='word_1_160' title='bbox 770 3214 833 3276; x_wconf 86' lang='lat' dir='ltr'><strong>Sat.</strong></span> <span class='ocrx_word' id='word_1_161' title='bbox 851 3214 880 3275; x_wconf 82' lang='lat' dir='ltr'><strong>ii.</strong></span> <span class='ocrx_word' id='word_1_162' title='bbox 899 3214 968 3275; x_wconf 73' lang='lat' dir='ltr'><strong>tto.</strong></span> 
     </span>
     <span class='ocr_line' id='line_1_24' title="bbox 232 3319 1206 3401; baseline 0 -23"><span class='ocrx_word' id='word_1_163' title='bbox 232 3346 234 3351; x_wconf 96' lang='lat'>·</span> <span class='ocrx_word' id='word_1_164' title='bbox 276 3319 326 3380; x_wconf 84' lang='lat' dir='ltr'><strong>Vs.</strong></span> <span class='ocrx_word' id='word_1_165' title='bbox 358 3321 406 3380; x_wconf 91' lang='grc'><strong>70.</strong></span> <span class='ocrx_word' id='word_1_166' title='bbox 431 3320 689 3401; x_wconf 77' lang='lat' dir='ltr'><strong>proprcdimioor.</strong></span> <span class='ocrx_word' id='word_1_167' title='bbox 740 3320 889 3382; x_wconf 86' lang='lat' dir='ltr'><strong>Nonnulli</strong></span> <span class='ocrx_word' id='word_1_168' title='bbox 914 3319 981 3380; x_wconf 81' lang='lat' dir='ltr'><strong>llos.</strong></span> <span class='ocrx_word' id='word_1_169' title='bbox 1011 3328 1045 3379; x_wconf 85' lang='lat' dir='ltr'><strong>at</strong></span> <span class='ocrx_word' id='word_1_170' title='bbox 1071 3319 1206 3380; x_wconf 77' lang='lat' dir='ltr'><strong>editores</strong></span> 
     </span>
     <span class='ocr_line' id='line_1_25' title="bbox 230 3424 1206 3510; baseline -0.002 -25"><span class='ocrx_word' id='word_1_171' title='bbox 230 3426 477 3510; x_wconf 54' lang='lat' dir='ltr'><strong>prepeditione,</strong></span> <span class='ocrx_word' id='word_1_172' title='bbox 507 3428 645 3502; x_wconf 70' lang='grc' dir='ltr'><strong>ἀρχαϊκῶς</strong></span> <span class='ocrx_word' id='word_1_173' title='bbox 676 3445 732 3506; x_wconf 88' lang='lat' dir='ltr'><strong>pro</strong></span> <span class='ocrx_word' id='word_1_174' title='bbox 747 3426 959 3508; x_wconf 76' lang='lat' dir='ltr'><strong>proprcditor:</strong></span> <span class='ocrx_word' id='word_1_175' title='bbox 985 3424 1115 3486; x_wconf 81' lang='lat' dir='ltr'><strong>laudant</strong></span> <span class='ocrx_word' id='word_1_176' title='bbox 1131 3442 1206 3483; x_wconf 87' lang='lat' dir='ltr'><strong>auc·</strong></span> 
     </span>
     <span class='ocr_line' id='line_1_26' title="bbox 236 3530 1206 3612; baseline -0.005 -18"><span class='ocrx_word' id='word_1_177' title='bbox 236 3534 394 3596; x_wconf 85' lang='lat' dir='ltr'><strong>toritatem</strong></span> <span class='ocrx_word' id='word_1_178' title='bbox 418 3533 517 3606; x_wconf 80' lang='lat' dir='ltr'><strong>Festi,</strong></span> <span class='ocrx_word' id='word_1_179' title='bbox 547 3534 701 3595; x_wconf 71' lang='lat' dir='ltr'><strong>aliorum:</strong></span> <span class='ocrx_word' id='word_1_180' title='bbox 729 3541 832 3605; x_wconf 87' lang='lat' dir='ltr'><strong>recto,</strong></span> <span class='ocrx_word' id='word_1_181' title='bbox 858 3532 977 3612; x_wconf 88' lang='lat' dir='ltr'><strong>opinor.</strong></span> <span class='ocrx_word' id='word_1_182' title='bbox 1020 3530 1079 3606; x_wconf 86' lang='lat' dir='ltr'><strong>Qui</strong></span> <span class='ocrx_word' id='word_1_183' title='bbox 1097 3538 1206 3590; x_wconf 88' lang='lat' dir='ltr'><strong>contra</strong></span> 
     </span>
     <span class='ocr_line' id='line_1_27' title="bbox 236 3636 1206 3722; baseline -0.006 -20"><span class='ocrx_word' id='word_1_184' title='bbox 236 3642 362 3715; x_wconf 83' lang='lat' dir='ltr'><strong>dicunt,</strong></span> <span class='ocrx_word' id='word_1_185' title='bbox 393 3640 548 3722; x_wconf 82' lang='lat' dir='ltr'><strong>pluralem</strong></span> <span class='ocrx_word' id='word_1_186' title='bbox 574 3640 749 3719; x_wconf 76' lang='lat' dir='ltr'><strong>imperativi</strong></span> <span class='ocrx_word' id='word_1_187' title='bbox 766 3658 824 3720; x_wconf 90' lang='lat' dir='ltr'><strong>pro</strong></span> <span class='ocrx_word' id='word_1_188' title='bbox 839 3638 918 3717; x_wconf 78' lang='lat' dir='ltr'><strong>sing.</strong></span> <span class='ocrx_word' id='word_1_189' title='bbox 937 3637 1097 3717; x_wconf 87' lang='lat' dir='ltr'><strong>usurpari,</strong></span> <span class='ocrx_word' id='word_1_190' title='bbox 1125 3636 1206 3698; x_wconf 86' lang='lat' dir='ltr'><strong>mule</strong></span> 
     </span>
     <span class='ocr_line' id='line_1_28' title="bbox 235 3742 1204 3828; baseline -0.006 -19"><span class='ocrx_word' id='word_1_191' title='bbox 235 3747 411 3810; x_wconf 82' lang='lat' dir='ltr'><strong>defundunt</strong></span> <span class='ocrx_word' id='word_1_192' title='bbox 439 3749 527 3828; x_wconf 84' lang='lat' dir='ltr'><strong>Epid.</strong></span> <span class='ocrx_word' id='word_1_193' title='bbox 554 3750 583 3810; x_wconf 87' lang='grc'><strong>5.</strong></span> <span class='ocrx_word' id='word_1_194' title='bbox 609 3749 639 3810; x_wconf 83' lang='grc'><strong>2.</strong></span> <span class='ocrx_word' id='word_1_195' title='bbox 664 3749 719 3822; x_wconf 83' lang='grc'><strong>30,</strong></span> <span class='ocrx_word' id='word_1_196' title='bbox 755 3746 810 3808; x_wconf 84' lang='lat' dir='ltr'><strong>ubi</strong></span> <span class='ocrx_word' id='word_1_197' title='bbox 838 3764 918 3807; x_wconf 87' lang='lat' dir='ltr'><strong>uuus</strong></span> <span class='ocrx_word' id='word_1_198' title='bbox 935 3751 1058 3804; x_wconf 87' lang='lat' dir='ltr'><strong>tantum</strong></span> <span class='ocrx_word' id='word_1_199' title='bbox 1074 3742 1204 3821; x_wconf 75' lang='lat' dir='ltr'><strong>colliga-</strong></span> 
     </span>
     <span class='ocr_line' id='line_1_29' title="bbox 233 3849 1255 3930; baseline -0.005 -17"><span class='ocrx_word' id='word_1_200' title='bbox 233 3862 322 3915; x_wconf 88' lang='lat' dir='ltr'><strong>turus</strong></span> <span class='ocrx_word' id='word_1_201' title='bbox 343 3864 410 3916; x_wconf 89' lang='lat' dir='ltr'><strong>erat</strong></span> <span class='ocrx_word' id='word_1_202' title='bbox 427 3874 551 3930; x_wconf 85' lang='lat' dir='ltr'><strong>mouns,</strong></span> <span class='ocrx_word' id='word_1_203' title='bbox 577 3856 667 3918; x_wconf 84' lang='lat' dir='ltr'><strong>ambo</strong></span> <span class='ocrx_word' id='word_1_204' title='bbox 683 3873 764 3916; x_wconf 83' lang='lat' dir='ltr'><strong>vero·</strong></span> <span class='ocrx_word' id='word_1_205' title='bbox 776 3853 1014 3914; x_wconf 84' lang='lat' dir='ltr'><strong>arbitrarentur.</strong></span> <span class='ocrx_word' id='word_1_206' title='bbox 1057 3849 1095 3909; x_wconf 89' lang='lat' dir='ltr'><strong>In</strong></span> <span class='ocrx_word' id='word_1_207' title='bbox 1113 3849 1203 3929; x_wconf 81' lang='lat' dir='ltr'><strong>Epid.</strong></span> <span class='ocrx_word' id='word_1_208' title='bbox 1251 3900 1255 3907; x_wconf 90' lang='lat'><em>.</em></span> 
     </span>
     <span class='ocr_line' id='line_1_30' title="bbox 232 3956 1200 4044; baseline -0.004 -23"><span class='ocrx_word' id='word_1_209' title='bbox 232 3962 267 4034; x_wconf 88' lang='lat'><strong>2,</strong></span> <span class='ocrx_word' id='word_1_210' title='bbox 295 3962 331 4035; x_wconf 85' lang='lat'><strong>2,</strong></span> <span class='ocrx_word' id='word_1_211' title='bbox 362 3963 401 4023; x_wconf 78' lang='lat'><strong>78</strong></span> <span class='ocrx_word' id='word_1_212' title='bbox 426 3964 579 4044; x_wconf 84' lang='lat' dir='ltr'><strong>pluralem</strong></span> <span class='ocrx_word' id='word_1_213' title='bbox 604 3982 768 4026; x_wconf 83' lang='lat' dir='ltr'><strong>numerum</strong></span> <span class='ocrx_word' id='word_1_214' title='bbox 792 3958 970 4041; x_wconf 85' lang='lat' dir='ltr'><strong>imperativi</strong></span> <span class='ocrx_word' id='word_1_215' title='bbox 993 3966 1081 4021; x_wconf 85' lang='lat' dir='ltr'><strong>recte</strong></span> <span class='ocrx_word' id='word_1_216' title='bbox 1097 3956 1200 4037; x_wconf 83' lang='lat' dir='ltr'><strong>expli·</strong></span> 
     </span>
     <span class='ocr_line' id='line_1_31' title="bbox 235 4064 446 4133; baseline 0.024 -8"><span class='ocrx_word' id='word_1_217' title='bbox 235 4064 301 4129; x_wconf 83' lang='lat' dir='ltr'><strong>cuit</strong></span> <span class='ocrx_word' id='word_1_218' title='bbox 320 4068 446 4133; x_wconf 81' lang='lat' dir='ltr'><strong>Taubm.</strong></span> 
     </span>
    </p>
   </div>
   <div class='ocr_carea' id='block_1_5' title="bbox 1039 4178 1081 4242">
    <p class='ocr_par' dir='ltr' id='par_1_15' title="bbox 1039 4178 1081 4242">
     <span class='ocr_line' id='line_1_32' title="bbox 1039 4178 1081 4242; baseline 0.071 -3"><span class='ocrx_word' id='word_1_219' title='bbox 1039 4178 1081 4242; x_wconf 84' lang='lat'><strong>16</strong></span> 
     </span>
    </p>
   </div>
   <div class='ocr_carea' id='block_1_6' title="bbox 0 0 1642 5117">
    <p class='ocr_par' dir='ltr' id='par_1_16' title="bbox 0 0 1642 5117">
     <span class='ocr_line' id='line_1_33' title="bbox 0 0 1642 5117; baseline 0 2"><span class='ocrx_word' id='word_1_220' title='bbox 0 0 1642 5117; x_wconf 95' lang='lat' dir='ltr'><strong> </strong></span> 
     </span>
    </p>
   </div>
  </div>
 </body>
</html>
