3275 5117
708 524 784 599 175

377 802 528 900 nemis
564 818 732 901 numm
769 813 918 884 scunt
948 784 1115 880 'unlus

647 1068 854 1117 Psuuncuus.

334 1228 426 1306 Quid
436 1225 522 1293 hoel
535 1226 663 1292 siccine
674 1221 736 1287 hoc
748 1218 788 1285 fit
799 1218 813 1283 l
826 1216 928 1305 pedes
943 1262 953 1294 ,
966 1212 1080 1279 statiu'
1093 1231 1134 1274 nu
1145 1208 1232 1273 nont

301 1400 303 1406 .
325 1344 387 1409 *Au
399 1342 435 1407 id
449 1338 550 1405 voltis
564 1384 575 1418 ,
599 1351 636 1402 ut
646 1359 698 1401 me
710 1336 767 1399 hie
775 1339 944 1420 jacentem
955 1327 1079 1413 aliquis
1093 1320 1211 1389 tollatl

333 1456 420 1523 Nam
432 1452 545 1521 hercle
557 1455 589 1519 si
601 1449 771 1537 cecidero,
795 1459 943 1511 vostrum
956 1442 1022 1506 erit
1034 1438 1213 1526 flagitium.

333 1571 498 1659 Pergitiu’
520 1565 687 1657 pergeret
713 1562 776 1640 eh,
801 1556 1014 1624 saeviendum
1037 1552 1123 1618 mihi

293 1685 443 1753 5.Hodie
464 1697 528 1748 est.
562 1680 721 1767 Magnum
739 1676 801 1739 hoc
825 1674 946 1737 vitium
968 1671 1047 1734 vino
1068 1680 1145 1745 est,

331 1799 440 1866 Pedes
463 1810 572 1883 captat
593 1795 757 1881 primum:
784 1787 929 1853 luctator
950 1781 1125 1849 dolosu’st.

311 2054 361 2115 Vs.
385 2056 412 2115 1.
435 2054 551 2113 siccine
571 2052 624 2111 ltoe
635 2051 698 2131 fit?
717 2058 789 2129 apte
807 2046 896 2106 offert
913 2044 1005 2103 Gron.
1022 2040 1106 2100 Asin.
1118 2040 1192 2109 l.2‚
1207 2039 1233 2097 l.

378 2163 502 2223 Siccine
521 2162 576 2220 boc
587 2160 649 2239 fit?
665 2160 757 2237 soros
774 2154 901 2215 oedibus
919 2172 965 2210 me
983 2149 1079 2231 ejs'oi?

273 2279 321 2331 est
349 2269 482 2331 formula
511 2265 732 2330 succensentis.
773 2261 885 2323 Ebrius
911 2260 946 2318 in
974 2275 1096 2318 scenam
1115 2253 1237 2333 prodit,

273 2386 369 2459 utque
399 2377 493 2455 pedes
513 2374 701 2455 alloquitur,
734 2370 789 2450 qui
809 2368 876 2428 vini
893 2366 957 2425 vim
976 2384 1039 2424 non
1057 2360 1154 2442 probo
1173 2380 1239 2421 sus-

273 2485 403 2546 tinuisse
420 2484 578 2543 videutur.
621 2478 772 2539 Similiter
788 2477 878 2536 Cure.
891 2475 919 2534 l.
929 2474 959 2534 3.
970 2473 1009 2533 ll
1027 2469 1238 2548 lroocioefiem'.

316 2592 366 2651 Vs.
387 2591 416 2649 2.
447 2589 519 2648 ln'e:
547 2584 740 2667 probandum
760 2583 849 2654 ltine,
881 2580 965 2662 quod
982 2580 1017 2638 in
1036 2578 1132 2639 Pelet.
1153 2574 1238 2646 lise,

275 2707 307 2758 et
327 2698 361 2755 in
381 2696 488 2775 Steph.

317 2800 367 2861 Vs.
389 2800 418 2861 l.
435 2801 585 2882 perpitin'
601 2818 752 2882 perpere:
773 2798 816 2858 sic
833 2798 926 2858 Pocn.
948 2797 979 2869 1,
1003 2796 1038 2869 3,
1061 2794 1099 2855 2t
1114 2792 1238 2875 pcrqio'

271 2910 424 2991 perpere?
459 2926 522 2967 non
550 2914 587 2967 ut
615 2907 866 2987 interpretantur
880 2905 1055 2987 perpite'ene
1075 2902 1240 2972 vacillare,

275 3014 329 3076 sed
349 3034 452 3073 nonno
467 3015 603 3095 perpetio
618 3015 793 3095 procedere.
813 3044 854 3057 -
876 3013 1084 3072 Soeoiondnm
1092 3010 1240 3070 milictc.

276 3122 403 3201 Integra
431 3120 580 3182 servanda
604 3120 700 3181 lectio
727 3121 881 3182 librorum
912 3122 1027 3182 Cnmer.
1070 3122 1242 3195 Quaecum-

276 3248 338 3308 que
364 3228 425 3288 viri
453 3228 538 3289 docti
563 3229 729 3289 commenti
758 3238 848 3301 sunt,
879 3228 930 3289 vel
958 3229 991 3287 in
1012 3228 1075 3288 suis
1094 3228 1242 3286 invenere

277 3335 386 3409 libris,
420 3355 495 3416 prae
520 3336 581 3397 hoc
610 3336 745 3415 frigent:
773 3334 813 3395 ut
833 3336 975 3396 dominus
994 3335 1027 3394 in
1047 3352 1165 3403 servos,
1197 3331 1244 3390 ite

276 3440 384 3503 Pseud.
406 3442 440 3501 iu
459 3442 552 3523 pedes
571 3462 641 3505 suos
661 3442 780 3503 saevire
799 3443 884 3516 vult,
923 3443 979 3519 qui
999 3440 1133 3501 officium
1152 3455 1242 3496 suum

177 3537 180 3547 ’
275 3547 379 3610 secere
406 3560 561 3611 recusant.
605 3551 693 3627 Quod
712 3551 746 3610 iu
768 3550 820 3611 cd.
842 3550 976 3626 quodam
996 3547 1113 3625 legitur
1133 3543 1242 3603 ceden-

278 3656 430 3731 domest,
464 3658 504 3719 ob
523 3658 723 3739 praemissum
743 3660 801 3731 olr,
826 3666 859 3716 et
879 3674 1012 3736 sequens
1032 3652 1121 3711 lodie
1140 3650 1243 3710 minus

278 3763 404 3825 videtur
423 3766 595 3845 probabile.

317 3870 366 3931 Vs.
389 3873 418 3933 6.
441 3872 580 3933 ‘luctator
599 3874 718 3934 dolosos
739 3884 803 3933 eet:
833 3870 1000 3951 implicatis
1018 3867 1149 3950 pedibus
1168 3880 1237 3947 per·-

263 3977 391 4039 'ccllere
411 3988 444 4039 et
463 3982 663 4061 supplantare
684 3990 831 4056 conatur,
854 4000 917 4041 nou
937 3978 1072 4050 virtute,
1085 3974 1150 4035 sed
1169 3974 1241 4038 dolo

275 4082 494 4148 adversarium.
